<?xml version="1.0" encoding="UTF-8"?>
<!DOCTYPE html PUBLIC "-//W3C//DTD XHTML 1.0 Transitional//EN"
    "http://www.w3.org/TR/xhtml1/DTD/xhtml1-transitional.dtd">
<html xmlns="http://www.w3.org/1999/xhtml" xml:lang="en" lang="en">
 <head>
  <title>
</title>
<meta http-equiv="Content-Type" content="text/html;charset=utf-8" />
  <meta name='ocr-system' content='tesseract 3.04.00' />
  <meta name='ocr-capabilities' content='ocr_page ocr_carea ocr_par ocr_line ocrx_word'/>
</head>
<body>
  <div class='ocr_page' id='page_1' title='image "./MN41907ucmf_4_0411.png"; bbox 0 0 1807 3145; ppageno 0'>
   <div class='ocr_carea' id='block_1_1' title="bbox 351 201 473 237">
    <p class='ocr_par' dir='ltr' id='par_1_1' title="bbox 351 201 473 237">
     <span class='ocr_line' id='line_1_1' title="bbox 351 201 473 237; baseline 0.016 -2"><span class='ocrx_word' id='word_1_1' title='bbox 351 202 390 237; x_wconf 84' lang='lat' dir='ltr'>Vita</span> <span class='ocrx_word' id='word_1_2' title='bbox 401 201 473 237; x_wconf 73' lang='lat' dir='ltr'>Martini.</span> 
     </span>
    </p>
   </div>
   <div class='ocr_carea' id='block_1_2' title="bbox 49 307 649 641">
    <p class='ocr_par' dir='ltr' id='par_1_2' title="bbox 49 307 649 641">
     <span class='ocr_line' id='line_1_2' title="bbox 52 307 649 369; baseline 0.002 -12"><span class='ocrx_word' id='word_1_3' title='bbox 52 319 88 367; x_wconf 88' lang='lat' dir='ltr'>Qui</span> <span class='ocrx_word' id='word_1_4' title='bbox 103 329 142 356; x_wconf 87' lang='lat' dir='ltr'>nen</span> <span class='ocrx_word' id='word_1_5' title='bbox 157 319 187 356; x_wconf 87' lang='lat' dir='ltr'>est</span> <span class='ocrx_word' id='word_1_6' title='bbox 200 319 277 369; x_wconf 88' lang='lat' dir='ltr'>segnis,</span> <span class='ocrx_word' id='word_1_7' title='bbox 292 330 329 360; x_wconf 85' lang='lat' dir='ltr'>nee</span> <span class='ocrx_word' id='word_1_8' title='bbox 345 307 409 367; x_wconf 86' lang='lat' dir='ltr'>abest,</span> <span class='ocrx_word' id='word_1_9' title='bbox 425 317 464 358; x_wconf 56' lang='lat' dir='ltr'>sed*</span> <span class='ocrx_word' id='word_1_10' title='bbox 474 317 562 369; x_wconf 76' lang='lat' dir='ltr'>eominus</span> <span class='ocrx_word' id='word_1_11' title='bbox 576 318 649 358; x_wconf 79' lang='lat' dir='ltr'>instat·</span> 
     </span>
     <span class='ocr_line' id='line_1_3' title="bbox 50 384 538 431; baseline -0.006 -3"><span class='ocrx_word' id='word_1_12' title='bbox 50 389 74 428; x_wconf 82' lang='lat' dir='ltr'>At</span> <span class='ocrx_word' id='word_1_13' title='bbox 87 396 127 425; x_wconf 84' lang='lat' dir='ltr'>nnn</span> <span class='ocrx_word' id='word_1_14' title='bbox 140 385 300 428; x_wconf 65' lang='lat' dir='ltr'>inrideuz‘nubat</span> <span class='ocrx_word' id='word_1_15' title='bbox 314 387 444 431; x_wconf 72' lang='lat' dir='ltr'>nuneomine</span> <span class='ocrx_word' id='word_1_16' title='bbox 460 384 538 431; x_wconf 83' lang='lat' dir='ltr'>dentre,</span> 
     </span>
     <span class='ocr_line' id='line_1_4' title="bbox 50 453 591 506; baseline -0.002 -13"><span class='ocrx_word' id='word_1_17' title='bbox 50 453 153 505; x_wconf 87' lang='lat' dir='ltr'>Utaturque</span> <span class='ocrx_word' id='word_1_18' title='bbox 167 466 228 502; x_wconf 86' lang='lat' dir='ltr'>nove,</span> <span class='ocrx_word' id='word_1_19' title='bbox 243 468 275 495; x_wconf 90' lang='lat' dir='ltr'>me</span> <span class='ocrx_word' id='word_1_20' title='bbox 288 455 420 506; x_wconf 76' lang='lat' dir='ltr'>permittente,</span> <span class='ocrx_word' id='word_1_21' title='bbox 436 455 509 494; x_wconf 87' lang='lat' dir='ltr'>marito.</span> <span class='ocrx_word' id='word_1_22' title='bbox 587 497 591 500; x_wconf 48' lang='grc'>,</span> 
     </span>
     <span class='ocr_line' id='line_1_5' title="bbox 52 519 637 574; baseline -0.002 -14"><span class='ocrx_word' id='word_1_23' title='bbox 52 519 136 560; x_wconf 78' lang='lat' dir='ltr'>Crastina</span> <span class='ocrx_word' id='word_1_24' title='bbox 151 532 233 574; x_wconf 87' lang='lat' dir='ltr'>eumque</span> <span class='ocrx_word' id='word_1_25' title='bbox 248 521 290 563; x_wconf 83' lang='lat' dir='ltr'>dies</span> <span class='ocrx_word' id='word_1_26' title='bbox 304 522 398 566; x_wconf 77' lang='lat' dir='ltr'>illuxerit,</span> <span class='ocrx_word' id='word_1_27' title='bbox 413 521 456 568; x_wconf 62' lang='lat' dir='ltr'>ihu,</span> <span class='ocrx_word' id='word_1_28' title='bbox 470 521 569 573; x_wconf 83' lang='lat' dir='ltr'>feramque</span> <span class='ocrx_word' id='word_1_29' title='bbox 635 534 637 538; x_wconf 64' lang='grc'>’</span> 
     </span>
     <span class='ocr_line' id='line_1_6' title="bbox 49 588 573 641; baseline 0.002 -12"><span class='ocrx_word' id='word_1_30' title='bbox 49 589 127 632; x_wconf 81' lang='lat' dir='ltr'>illerum</span> <span class='ocrx_word' id='word_1_31' title='bbox 140 601 209 630; x_wconf 87' lang='lat' dir='ltr'>munus</span> <span class='ocrx_word' id='word_1_32' title='bbox 223 592 241 630; x_wconf 87' lang='lat' dir='ltr'>ei</span> <span class='ocrx_word' id='word_1_33' title='bbox 254 592 377 641; x_wconf 86' lang='lat' dir='ltr'>promissum·</span> <span class='ocrx_word' id='word_1_34' title='bbox 388 588 464 641; x_wconf 81' lang='lat' dir='ltr'>quanda</span> <span class='ocrx_word' id='word_1_35' title='bbox 479 589 573 630; x_wconf 76' lang='lat' dir='ltr'>senessi.“</span> 
     </span>
    </p>
   </div>
   <div class='ocr_carea' id='block_1_3' title="bbox 47 720 605 1595">
    <p class='ocr_par' dir='ltr' id='par_1_3' title="bbox 47 720 605 1595">
     <span class='ocr_line' id='line_1_7' title="bbox 103 720 579 772; baseline 0.006 -10"><span class='ocrx_word' id='word_1_36' title='bbox 103 724 190 772; x_wconf 78' lang='lat' dir='ltr'>Dixerat,</span> <span class='ocrx_word' id='word_1_37' title='bbox 206 730 225 766; x_wconf 88' lang='lat' dir='ltr'>et</span> <span class='ocrx_word' id='word_1_38' title='bbox 239 726 297 767; x_wconf 81' lang='lat' dir='ltr'>silvas</span> <span class='ocrx_word' id='word_1_39' title='bbox 311 731 330 766; x_wconf 87' lang='lat' dir='ltr'>et</span> <span class='ocrx_word' id='word_1_40' title='bbox 344 727 403 766; x_wconf 89' lang='lat' dir='ltr'>saltus</span> <span class='ocrx_word' id='word_1_41' title='bbox 418 726 486 765; x_wconf 78' lang='lat' dir='ltr'>circuit</span> <span class='ocrx_word' id='word_1_42' title='bbox 500 720 579 765; x_wconf 79' lang='lat' dir='ltr'>emnes:</span> 
     </span>
     <span class='ocr_line' id='line_1_8' title="bbox 50 792 566 847; baseline -0.006 -13"><span class='ocrx_word' id='word_1_43' title='bbox 50 792 190 846; x_wconf 66' lang='lat' dir='ltr'>(terrorumque</span> <span class='ocrx_word' id='word_1_44' title='bbox 205 805 273 847; x_wconf 83' lang='lat' dir='ltr'>greges</span> <span class='ocrx_word' id='word_1_45' title='bbox 288 804 356 847; x_wconf 83' lang='lat' dir='ltr'>agmen</span> <span class='ocrx_word' id='word_1_46' title='bbox 371 793 449 846; x_wconf 84' lang='lat' dir='ltr'>collegit</span> <span class='ocrx_word' id='word_1_47' title='bbox 461 793 482 833; x_wconf 95' lang='lat' dir='ltr'>in</span> <span class='ocrx_word' id='word_1_48' title='bbox 496 803 566 839; x_wconf 88' lang='lat' dir='ltr'>unum,</span> 
     </span>
     <span class='ocr_line' id='line_1_9' title="bbox 48 859 574 915; baseline -0.004 -12"><span class='ocrx_word' id='word_1_49' title='bbox 48 862 72 903; x_wconf 79' lang='lat' dir='ltr'>lit</span> <span class='ocrx_word' id='word_1_50' title='bbox 85 859 150 902; x_wconf 90' lang='lat' dir='ltr'>damas</span> <span class='ocrx_word' id='word_1_51' title='bbox 165 873 282 915; x_wconf 80' lang='lat' dir='ltr'>capreasque</span> <span class='ocrx_word' id='word_1_52' title='bbox 296 863 363 910; x_wconf 86' lang='lat' dir='ltr'>simul;</span> <span class='ocrx_word' id='word_1_53' title='bbox 379 874 474 915; x_wconf 80' lang='lat' dir='ltr'>servoque</span> <span class='ocrx_word' id='word_1_54' title='bbox 488 861 574 908; x_wconf 86' lang='lat' dir='ltr'>resedit;</span> 
     </span>
     <span class='ocr_line' id='line_1_10' title="bbox 48 931 557 984; baseline 0.002 -13"><span class='ocrx_word' id='word_1_55' title='bbox 48 931 71 971; x_wconf 83' lang='lat' dir='ltr'>lit</span> <span class='ocrx_word' id='word_1_56' title='bbox 85 931 173 971; x_wconf 80' lang='lat' dir='ltr'>veniente</span> <span class='ocrx_word' id='word_1_57' title='bbox 188 931 228 978; x_wconf 89' lang='lat' dir='ltr'>die,</span> <span class='ocrx_word' id='word_1_58' title='bbox 244 932 362 984; x_wconf 76' lang='lat' dir='ltr'>compellens</span> <span class='ocrx_word' id='word_1_59' title='bbox 378 932 452 984; x_wconf 82' lang='lat' dir='ltr'>agmina</span> <span class='ocrx_word' id='word_1_60' title='bbox 465 944 511 983; x_wconf 90' lang='lat' dir='ltr'>prae</span> <span class='ocrx_word' id='word_1_61' title='bbox 525 944 557 977; x_wconf 92' lang='lat' dir='ltr'>se,</span> 
     </span>
     <span class='ocr_line' id='line_1_11' title="bbox 49 994 495 1052; baseline 0 -14"><span class='ocrx_word' id='word_1_62' title='bbox 49 994 149 1039; x_wconf 82' lang='lat' dir='ltr'>Festinans</span> <span class='ocrx_word' id='word_1_63' title='bbox 163 999 216 1041; x_wconf 86' lang='lat' dir='ltr'>vadit</span> <span class='ocrx_word' id='word_1_64' title='bbox 229 1012 267 1052; x_wconf 90' lang='lat' dir='ltr'>quo</span> <span class='ocrx_word' id='word_1_65' title='bbox 282 1000 341 1040; x_wconf 68' lang='lat' dir='ltr'>nubit:</span> <span class='ocrx_word' id='word_1_66' title='bbox 352 999 495 1040; x_wconf 84' lang='lat' dir='ltr'>Guenduloena.</span> 
     </span>
     <span class='ocr_line' id='line_1_12' title="bbox 48 1067 524 1121; baseline -0.004 -12"><span class='ocrx_word' id='word_1_67' title='bbox 48 1067 155 1120; x_wconf 85' lang='lat' dir='ltr'>Postquam</span> <span class='ocrx_word' id='word_1_68' title='bbox 169 1069 221 1110; x_wconf 78' lang='lat' dir='ltr'>uenit</span> <span class='ocrx_word' id='word_1_69' title='bbox 235 1075 271 1115; x_wconf 77' lang='lat' dir='ltr'>ee&#39;,</span> <span class='ocrx_word' id='word_1_70' title='bbox 285 1069 378 1121; x_wconf 79' lang='lat' dir='ltr'>patienter·</span> <span class='ocrx_word' id='word_1_71' title='bbox 394 1071 445 1108; x_wconf 89' lang='lat' dir='ltr'>stare</span> <span class='ocrx_word' id='word_1_72' title='bbox 460 1067 524 1120; x_wconf 79' lang='lat' dir='ltr'>eoegit</span> 
     </span>
     <span class='ocr_line' id='line_1_13' title="bbox 49 1131 592 1189; baseline -0.006 -11"><span class='ocrx_word' id='word_1_73' title='bbox 49 1138 121 1178; x_wconf 79' lang='lat' dir='ltr'>Cervus</span> <span class='ocrx_word' id='word_1_74' title='bbox 136 1138 255 1183; x_wconf 84' lang='lat' dir='ltr'>anteferes,</span> <span class='ocrx_word' id='word_1_75' title='bbox 270 1136 401 1189; x_wconf 78' lang='lat' dir='ltr'>proclamans:</span> <span class='ocrx_word' id='word_1_76' title='bbox 417 1131 592 1183; x_wconf 81' lang='lat' dir='ltr'>„Guenduluenall</span> 
     </span>
     <span class='ocr_line' id='line_1_14' title="bbox 50 1201 576 1254; baseline -0.002 -11"><span class='ocrx_word' id='word_1_77' title='bbox 50 1201 204 1244; x_wconf 75' lang='lat' dir='ltr'>urendotoena²</span> <span class='ocrx_word' id='word_1_78' title='bbox 217 1204 276 1245; x_wconf 82' lang='lat' dir='ltr'>venit</span> <span class='ocrx_word' id='word_1_79' title='bbox 286 1208 310 1247; x_wconf 85' lang='lat' dir='ltr'>te:</span> <span class='ocrx_word' id='word_1_80' title='bbox 320 1205 455 1244; x_wconf 83' lang='lat' dir='ltr'>taliamuuera</span> <span class='ocrx_word' id='word_1_81' title='bbox 471 1206 576 1254; x_wconf 73' lang='lat' dir='ltr'>spectant.¹‘</span> 
     </span>
     <span class='ocr_line' id='line_1_15' title="bbox 50 1271 512 1325; baseline -0.006 -11"><span class='ocrx_word' id='word_1_82' title='bbox 50 1273 105 1314; x_wconf 88' lang='lat' dir='ltr'>Otius</span> <span class='ocrx_word' id='word_1_83' title='bbox 121 1285 167 1325; x_wconf 82' lang='lat' dir='ltr'>ergo</span> <span class='ocrx_word' id='word_1_84' title='bbox 181 1272 233 1313; x_wconf 82' lang='lat' dir='ltr'>venit</span> <span class='ocrx_word' id='word_1_85' title='bbox 248 1272 349 1312; x_wconf 85' lang='lat' dir='ltr'>subridens</span> <span class='ocrx_word' id='word_1_86' title='bbox 364 1271 512 1317; x_wconf 85' lang='lat' dir='ltr'>Guendoluena‚</span> 
     </span>
     <span class='ocr_line' id='line_1_16' title="bbox 48 1339 513 1395; baseline -0.006 -13"><span class='ocrx_word' id='word_1_87' title='bbox 48 1340 162 1393; x_wconf 83' lang='lat' dir='ltr'>Gestarique</span> <span class='ocrx_word' id='word_1_88' title='bbox 177 1342 237 1381; x_wconf 87' lang='lat' dir='ltr'>virum</span> <span class='ocrx_word' id='word_1_89' title='bbox 252 1352 310 1382; x_wconf 78' lang='lat' dir='ltr'>cervo</span> <span class='ocrx_word' id='word_1_90' title='bbox 323 1341 411 1386; x_wconf 86' lang='lat' dir='ltr'>miratur,</span> <span class='ocrx_word' id='word_1_91' title='bbox 426 1339 513 1395; x_wconf 73' lang='lat' dir='ltr'>stillum</span> 
     </span>
     <span class='ocr_line' id='line_1_17' title="bbox 48 1408 579 1461; baseline 0 -14"><span class='ocrx_word' id='word_1_92' title='bbox 48 1409 81 1448; x_wconf 84' lang='lat' dir='ltr'>Sic</span> <span class='ocrx_word' id='word_1_93' title='bbox 96 1421 163 1460; x_wconf 85' lang='lat' dir='ltr'>parere</span> <span class='ocrx_word' id='word_1_94' title='bbox 178 1409 229 1456; x_wconf 79' lang='lat' dir='ltr'>viro,</span> <span class='ocrx_word' id='word_1_95' title='bbox 243 1413 317 1450; x_wconf 90' lang='lat' dir='ltr'>tanturn</span> <span class='ocrx_word' id='word_1_96' title='bbox 331 1420 407 1461; x_wconf 86' lang='lat' dir='ltr'>queque</span> <span class='ocrx_word' id='word_1_97' title='bbox 421 1419 481 1460; x_wconf 87' lang='lat' dir='ltr'>posse</span> <span class='ocrx_word' id='word_1_98' title='bbox 494 1408 579 1448; x_wconf 83' lang='lat' dir='ltr'>ferarum</span> 
     </span>
     <span class='ocr_line' id='line_1_18' title="bbox 47 1475 536 1526; baseline -0.002 -12"><span class='ocrx_word' id='word_1_99' title='bbox 47 1475 101 1515; x_wconf 88' lang='lat' dir='ltr'>Uniri</span> <span class='ocrx_word' id='word_1_100' title='bbox 114 1487 225 1520; x_wconf 89' lang='lat' dir='ltr'>nnmerum,</span> <span class='ocrx_word' id='word_1_101' title='bbox 241 1487 287 1526; x_wconf 89' lang='lat' dir='ltr'>quas</span> <span class='ocrx_word' id='word_1_102' title='bbox 301 1487 347 1526; x_wconf 89' lang='lat' dir='ltr'>prae</span> <span class='ocrx_word' id='word_1_103' title='bbox 362 1488 384 1516; x_wconf 89' lang='lat' dir='ltr'>se</span> <span class='ocrx_word' id='word_1_104' title='bbox 399 1476 459 1516; x_wconf 87' lang='lat' dir='ltr'>solus</span> <span class='ocrx_word' id='word_1_105' title='bbox 468 1475 536 1526; x_wconf 81' lang='lat' dir='ltr'>agebat</span> 
     </span>
     <span class='ocr_line' id='line_1_19' title="bbox 48 1541 605 1595; baseline -0.002 -13"><span class='ocrx_word' id='word_1_106' title='bbox 48 1542 102 1583; x_wconf 81' lang='lat' dir='ltr'>Sicut</span> <span class='ocrx_word' id='word_1_107' title='bbox 115 1547 181 1595; x_wconf 85' lang='lat' dir='ltr'>pastor</span> <span class='ocrx_word' id='word_1_108' title='bbox 195 1555 252 1590; x_wconf 84' lang='lat' dir='ltr'>oves,</span> <span class='ocrx_word' id='word_1_109' title='bbox 268 1555 315 1595; x_wconf 87' lang='lat' dir='ltr'>quas</span> <span class='ocrx_word' id='word_1_110' title='bbox 330 1543 401 1583; x_wconf 90' lang='lat' dir='ltr'>dueere</span> <span class='ocrx_word' id='word_1_111' title='bbox 415 1543 478 1583; x_wconf 86' lang='lat' dir='ltr'>suevit</span> <span class='ocrx_word' id='word_1_112' title='bbox 492 1541 516 1581; x_wconf 86' lang='lat' dir='ltr'>ad</span> <span class='ocrx_word' id='word_1_113' title='bbox 530 1542 605 1583; x_wconf 63' lang='lat' dir='ltr'>herbas,</span> 
     </span>
    </p>
   </div>
   <div class='ocr_carea' id='block_1_4' title="bbox 45 1679 772 2689">
    <p class='ocr_par' dir='ltr' id='par_1_4' title="bbox 45 1679 772 2689">
     <span class='ocr_line' id='line_1_20' title="bbox 102 1679 772 1733; baseline 0 -14"><span class='ocrx_word' id='word_1_114' title='bbox 102 1679 168 1719; x_wconf 84' lang='lat' dir='ltr'>Stabat</span> <span class='ocrx_word' id='word_1_115' title='bbox 182 1680 205 1720; x_wconf 88' lang='lat' dir='ltr'>ab</span> <span class='ocrx_word' id='word_1_116' title='bbox 220 1681 296 1721; x_wconf 79' lang='lat' dir='ltr'>excelsa</span> <span class='ocrx_word' id='word_1_117' title='bbox 310 1693 393 1732; x_wconf 74' lang='lat' dir='ltr'>sponsus</span> <span class='ocrx_word' id='word_1_118' title='bbox 409 1680 514 1733; x_wconf 76' lang='lat' dir='ltr'>spectando</span> <span class='ocrx_word' id='word_1_119' title='bbox 527 1680 622 1725; x_wconf 83' lang='lat' dir='ltr'>fenestra,</span> <span class='ocrx_word' id='word_1_120' title='bbox 641 1692 644 1694; x_wconf 90' lang='grc'>·</span> <span class='ocrx_word' id='word_1_121' title='bbox 702 1692 704 1696; x_wconf 77' lang='grc'><strong>’</strong></span> <span class='ocrx_word' id='word_1_122' title='bbox 720 1698 723 1701; x_wconf 93' lang='grc'><strong><em>·</em></strong></span> <span class='ocrx_word' id='word_1_123' title='bbox 765 1691 772 1697; x_wconf 69' lang='grc'>”</span> 
     </span>
     <span class='ocr_line' id='line_1_21' title="bbox 46 1745 545 1802; baseline 0 -16"><span class='ocrx_word' id='word_1_124' title='bbox 46 1745 67 1787; x_wconf 86' lang='lat' dir='ltr'>ln</span> <span class='ocrx_word' id='word_1_125' title='bbox 81 1747 130 1788; x_wconf 87' lang='lat' dir='ltr'>sulio</span> <span class='ocrx_word' id='word_1_126' title='bbox 145 1749 215 1790; x_wconf 86' lang='lat' dir='ltr'>mirans</span> <span class='ocrx_word' id='word_1_127' title='bbox 230 1749 324 1802; x_wconf 84' lang='lat' dir='ltr'>equitem,</span> <span class='ocrx_word' id='word_1_128' title='bbox 339 1749 437 1800; x_wconf 86' lang='lat' dir='ltr'>risumque</span> <span class='ocrx_word' id='word_1_129' title='bbox 451 1747 545 1789; x_wconf 86' lang='lat' dir='ltr'>rnuvebat.</span> 
     </span>
     <span class='ocr_line' id='line_1_22' title="bbox 46 1812 567 1870; baseline 0.002 -15"><span class='ocrx_word' id='word_1_130' title='bbox 46 1816 83 1855; x_wconf 76' lang='lat' dir='ltr'>Ast</span> <span class='ocrx_word' id='word_1_131' title='bbox 96 1817 129 1857; x_wconf 92' lang='lat' dir='ltr'>ubi</span> <span class='ocrx_word' id='word_1_132' title='bbox 143 1816 189 1859; x_wconf 85' lang='lat' dir='ltr'>vidit</span> <span class='ocrx_word' id='word_1_133' title='bbox 203 1830 247 1857; x_wconf 88' lang='lat' dir='ltr'>eum</span> <span class='ocrx_word' id='word_1_134' title='bbox 261 1822 325 1865; x_wconf 72' lang='lat' dir='ltr'>vates,</span> <span class='ocrx_word' id='word_1_135' title='bbox 340 1818 442 1870; x_wconf 86' lang='lat' dir='ltr'>animeque</span> <span class='ocrx_word' id='word_1_136' title='bbox 457 1812 567 1870; x_wconf 65' lang='lat' dir='ltr'>quis&#39;esset</span> 
     </span>
     <span class='ocr_line' id='line_1_23' title="bbox 47 1886 636 1939; baseline -0.002 -13"><span class='ocrx_word' id='word_1_137' title='bbox 47 1887 125 1934; x_wconf 77' lang='lat' dir='ltr'>calluit,</span> <span class='ocrx_word' id='word_1_138' title='bbox 141 1887 236 1939; x_wconf 82' lang='lat' dir='ltr'>extemplo</span> <span class='ocrx_word' id='word_1_139' title='bbox 251 1886 415 1928; x_wconf 75' lang='lat' dir='ltr'>divulsiteomna</span> <span class='ocrx_word' id='word_1_140' title='bbox 429 1898 487 1928; x_wconf 78' lang='lat' dir='ltr'>servo</span> <span class='ocrx_word' id='word_1_141' title='bbox 633 1933 636 1938; x_wconf 26' lang='lat'><strong>¹</strong></span> 
     </span>
     <span class='ocr_line' id='line_1_24' title="bbox 48 1951 544 2006; baseline -0.004 -11"><span class='ocrx_word' id='word_1_142' title='bbox 48 1954 91 2002; x_wconf 81' lang='lat' dir='ltr'>Quo</span> <span class='ocrx_word' id='word_1_143' title='bbox 105 1956 224 2006; x_wconf 81' lang='lat' dir='ltr'>gestabatur,</span> <span class='ocrx_word' id='word_1_144' title='bbox 239 1955 348 2005; x_wconf 82' lang='lat' dir='ltr'>vibrataque</span> <span class='ocrx_word' id='word_1_145' title='bbox 360 1953 422 2004; x_wconf 81' lang='lat' dir='ltr'>jecit³</span> <span class='ocrx_word' id='word_1_146' title='bbox 436 1956 456 1994; x_wconf 93' lang='lat' dir='ltr'>in</span> <span class='ocrx_word' id='word_1_147' title='bbox 469 1951 544 2000; x_wconf 73' lang='lat' dir='ltr'>illum,</span> 
     </span>
     <span class='ocr_line' id='line_1_25' title="bbox 46 2016 597 2075; baseline -0.002 -13"><span class='ocrx_word' id='word_1_148' title='bbox 46 2022 69 2062; x_wconf 80' lang='lat' dir='ltr'>lit</span> <span class='ocrx_word' id='word_1_149' title='bbox 84 2027 141 2075; x_wconf 88' lang='lat' dir='ltr'>eaput</span> <span class='ocrx_word' id='word_1_150' title='bbox 154 2020 205 2062; x_wconf 88' lang='lat' dir='ltr'>illius</span> <span class='ocrx_word' id='word_1_151' title='bbox 219 2023 296 2075; x_wconf 90' lang='lat' dir='ltr'>penitus</span> <span class='ocrx_word' id='word_1_152' title='bbox 312 2022 408 2069; x_wconf 81' lang='lat' dir='ltr'>contrivit,</span> <span class='ocrx_word' id='word_1_153' title='bbox 424 2033 506 2074; x_wconf 86' lang='lat' dir='ltr'>eumque</span> <span class='ocrx_word' id='word_1_154' title='bbox 595 2016 597 2018; x_wconf 68' lang='grc'><strong>’</strong></span> 
     </span>
     <span class='ocr_line' id='line_1_26' title="bbox 46 2090 566 2144; baseline 0 -12"><span class='ocrx_word' id='word_1_155' title='bbox 46 2090 135 2132; x_wconf 82' lang='lat' dir='ltr'>Reddidit</span> <span class='ocrx_word' id='word_1_156' title='bbox 149 2092 262 2138; x_wconf 84' lang='lat' dir='ltr'>exanimem,</span> <span class='ocrx_word' id='word_1_157' title='bbox 276 2092 371 2144; x_wconf 85' lang='lat' dir='ltr'>vitamque</span> <span class='ocrx_word' id='word_1_158' title='bbox 380 2092 460 2144; x_wconf 68' lang='lat' dir='ltr'>‘fugarit&#39;</span> <span class='ocrx_word' id='word_1_159' title='bbox 470 2092 490 2132; x_wconf 90' lang='lat' dir='ltr'>in</span> <span class='ocrx_word' id='word_1_160' title='bbox 504 2100 566 2132; x_wconf 80' lang='lat' dir='ltr'>auras.</span> 
     </span>
     <span class='ocr_line' id='line_1_27' title="bbox 47 2147 575 2204; baseline 0 -5"><span class='ocrx_word' id='word_1_161' title='bbox 47 2159 102 2199; x_wconf 92' lang='lat' dir='ltr'>Otius</span> <span class='ocrx_word' id='word_1_162' title='bbox 116 2159 161 2199; x_wconf 91' lang='lat' dir='ltr'>inde</span> <span class='ocrx_word' id='word_1_163' title='bbox 176 2147 231 2199; x_wconf 79' lang='lat' dir='ltr'>suurn</span> <span class='ocrx_word' id='word_1_164' title='bbox 245 2160 327 2201; x_wconf 88' lang='lat' dir='ltr'>talorum</span> <span class='ocrx_word' id='word_1_165' title='bbox 340 2160 420 2204; x_wconf 75' lang='lat' dir='ltr'>verbere</span> <span class='ocrx_word' id='word_1_166' title='bbox 434 2150 513 2200; x_wconf 80' lang='lat' dir='ltr'>eervum</span> <span class='ocrx_word' id='word_1_167' title='bbox 573 2183 575 2185; x_wconf 60' lang='lat'>&gt;</span> 
     </span>
     <span class='ocr_line' id='line_1_28' title="bbox 45 2227 498 2282; baseline -0.004 -14"><span class='ocrx_word' id='word_1_168' title='bbox 45 2227 153 2280; x_wconf 78' lang='lat' dir='ltr'>Diffugiens</span> <span class='ocrx_word' id='word_1_169' title='bbox 168 2230 217 2282; x_wconf 85' lang='lat' dir='ltr'>egit,</span> <span class='ocrx_word' id='word_1_170' title='bbox 232 2227 329 2282; x_wconf 83' lang='lat' dir='ltr'>silvasque</span> <span class='ocrx_word' id='word_1_171' title='bbox 342 2227 406 2268; x_wconf 88' lang='lat' dir='ltr'>redire</span> <span class='ocrx_word' id='word_1_172' title='bbox 419 2228 498 2280; x_wconf 87' lang='lat' dir='ltr'>paravit.</span> 
     </span>
     <span class='ocr_line' id='line_1_29' title="bbox 45 2295 551 2349; baseline -0.004 -12"><span class='ocrx_word' id='word_1_173' title='bbox 45 2295 172 2349; x_wconf 75' lang='lat' dir='ltr'>Egredientur</span> <span class='ocrx_word' id='word_1_174' title='bbox 186 2295 271 2337; x_wconf 79' lang='lat' dir='ltr'>adhaec</span> <span class='ocrx_word' id='word_1_175' title='bbox 287 2308 310 2337; x_wconf 83' lang='lat' dir='ltr'>en</span> <span class='ocrx_word' id='word_1_176' title='bbox 325 2298 377 2336; x_wconf 89' lang='lat' dir='ltr'>omni</span> <span class='ocrx_word' id='word_1_177' title='bbox 390 2302 444 2349; x_wconf 91' lang='lat' dir='ltr'>parte</span> <span class='ocrx_word' id='word_1_178' title='bbox 459 2298 551 2341; x_wconf 82' lang='lat' dir='ltr'>clientes,</span> 
     </span>
     <span class='ocr_line' id='line_1_30' title="bbox 45 2365 527 2417; baseline 0 -11"><span class='ocrx_word' id='word_1_179' title='bbox 45 2366 69 2407; x_wconf 82' lang='lat' dir='ltr'>llt</span> <span class='ocrx_word' id='word_1_180' title='bbox 83 2365 142 2406; x_wconf 82' lang='lat' dir='ltr'>reteri</span> <span class='ocrx_word' id='word_1_181' title='bbox 157 2376 215 2405; x_wconf 85' lang='lat' dir='ltr'>eursu</span> <span class='ocrx_word' id='word_1_182' title='bbox 228 2369 292 2405; x_wconf 85' lang='lat' dir='ltr'>vatem</span> <span class='ocrx_word' id='word_1_183' title='bbox 305 2378 340 2416; x_wconf 90' lang='lat' dir='ltr'>per</span> <span class='ocrx_word' id='word_1_184' title='bbox 354 2378 397 2405; x_wconf 88' lang='lat' dir='ltr'>rura</span> <span class='ocrx_word' id='word_1_185' title='bbox 411 2370 527 2417; x_wconf 87' lang='lat' dir='ltr'>sequnntur..</span> 
     </span>
     <span class='ocr_line' id='line_1_31' title="bbox 45 2432 539 2488; baseline 0.002 -17"><span class='ocrx_word' id='word_1_186' title='bbox 45 2433 79 2472; x_wconf 86' lang='lat' dir='ltr'>llle</span> <span class='ocrx_word' id='word_1_187' title='bbox 93 2432 171 2483; x_wconf 85' lang='lat' dir='ltr'>quidem</span> <span class='ocrx_word' id='word_1_188' title='bbox 184 2433 240 2472; x_wconf 82' lang='lat' dir='ltr'>velox</span> <span class='ocrx_word' id='word_1_189' title='bbox 254 2433 283 2472; x_wconf 88' lang='lat' dir='ltr'>sie</span> <span class='ocrx_word' id='word_1_190' title='bbox 296 2435 477 2488; x_wconf 61' lang='lat' dir='ltr'>praesumebamus</span> <span class='ocrx_word' id='word_1_191' title='bbox 490 2434 539 2473; x_wconf 85' lang='lat' dir='ltr'>isset</span> 
     </span>
     <span class='ocr_line' id='line_1_32' title="bbox 46 2499 602 2552; baseline -0.002 -12"><span class='ocrx_word' id='word_1_192' title='bbox 46 2499 76 2541; x_wconf 75' lang='lat' dir='ltr'>,td</span> <span class='ocrx_word' id='word_1_193' title='bbox 91 2511 159 2542; x_wconf 87' lang='lat' dir='ltr'>uernus</span> <span class='ocrx_word' id='word_1_194' title='bbox 173 2500 266 2547; x_wconf 76' lang='lat' dir='ltr'>intactus,</span> <span class='ocrx_word' id='word_1_195' title='bbox 280 2499 319 2539; x_wconf 88' lang='lat' dir='ltr'>nisi</span> <span class='ocrx_word' id='word_1_196' title='bbox 332 2500 420 2552; x_wconf 85' lang='lat' dir='ltr'>praevius</span> <span class='ocrx_word' id='word_1_197' title='bbox 434 2500 496 2540; x_wconf 86' lang='lat' dir='ltr'>amnis</span> <span class='ocrx_word' id='word_1_198' title='bbox 511 2500 602 2542; x_wconf 82' lang='lat' dir='ltr'>obesset:</span> 
     </span>
     <span class='ocr_line' id='line_1_33' title="bbox 46 2569 555 2620; baseline 0.002 -12"><span class='ocrx_word' id='word_1_199' title='bbox 46 2569 94 2608; x_wconf 89' lang='lat' dir='ltr'>Nam</span> <span class='ocrx_word' id='word_1_200' title='bbox 108 2569 153 2608; x_wconf 88' lang='lat' dir='ltr'>dum</span> <span class='ocrx_word' id='word_1_201' title='bbox 167 2572 271 2607; x_wconf 85' lang='lat' dir='ltr'>torrentem</span> <span class='ocrx_word' id='word_1_202' title='bbox 285 2569 326 2608; x_wconf 88' lang='lat' dir='ltr'>iera</span> <span class='ocrx_word' id='word_1_203' title='bbox 340 2569 459 2620; x_wconf 82' lang='lat' dir='ltr'>prosiliendo</span> <span class='ocrx_word' id='word_1_204' title='bbox 473 2574 555 2616; x_wconf 84' lang='lat' dir='ltr'>mearet,</span> 
     </span>
     <span class='ocr_line' id='line_1_34' title="bbox 45 2635 512 2689; baseline 0.002 -13"><span class='ocrx_word' id='word_1_205' title='bbox 45 2635 137 2689; x_wconf 84' lang='lat' dir='ltr'>Elapsus,</span> <span class='ocrx_word' id='word_1_206' title='bbox 152 2636 217 2688; x_wconf 83' lang='lat' dir='ltr'>rapida</span> <span class='ocrx_word' id='word_1_207' title='bbox 231 2636 302 2678; x_wconf 79' lang='lat' dir='ltr'>cecidit</span> <span class='ocrx_word' id='word_1_208' title='bbox 315 2636 408 2680; x_wconf 86' lang='lat' dir='ltr'>Merlinus</span> <span class='ocrx_word' id='word_1_209' title='bbox 422 2638 442 2678; x_wconf 90' lang='lat' dir='ltr'>in</span> <span class='ocrx_word' id='word_1_210' title='bbox 456 2637 512 2679; x_wconf 86' lang='lat' dir='ltr'>unda.</span> 
     </span>
    </p>
   </div>
   <div class='ocr_carea' id='block_1_5' title="bbox 47 2739 180 2747">
    <p class='ocr_par' dir='ltr' id='par_1_5' title="bbox 47 2739 180 2747">
     <span class='ocr_line' id='line_1_35' title="bbox 47 2739 180 2747; baseline -0.008 0"><span class='ocrx_word' id='word_1_211' title='bbox 47 2739 180 2747; x_wconf 75' lang='lat'>----.---</span> 
     </span>
    </p>
   </div>
   <div class='ocr_carea' id='block_1_6' title="bbox 46 2799 774 2905">
    <p class='ocr_par' dir='ltr' id='par_1_6' title="bbox 46 2799 774 2905">
     <span class='ocr_line' id='line_1_36' title="bbox 92 2799 774 2852; baseline 0.004 -17"><span class='ocrx_word' id='word_1_212' title='bbox 92 2799 111 2843; x_wconf 81' lang='lat'>1]</span> <span class='ocrx_word' id='word_1_213' title='bbox 124 2800 230 2836; x_wconf 67' lang='lat' dir='ltr'>llesunt&#39;dua</span> <span class='ocrx_word' id='word_1_214' title='bbox 242 2810 299 2836; x_wconf 76' lang='lat' dir='ltr'>versus</span> <span class='ocrx_word' id='word_1_215' title='bbox 310 2803 328 2838; x_wconf 93' lang='lat' dir='ltr'>in</span> <span class='ocrx_word' id='word_1_216' title='bbox 340 2804 399 2840; x_wconf 64' lang='lat' dir='ltr'>altera,</span> <span class='ocrx_word' id='word_1_217' title='bbox 429 2802 449 2849; x_wconf 83' lang='lat'>2)</span> <span class='ocrx_word' id='word_1_218' title='bbox 461 2801 527 2839; x_wconf 73' lang='lat' dir='ltr'>Cedens</span> <span class='ocrx_word' id='word_1_219' title='bbox 545 2801 700 2838; x_wconf 72' lang='lat' dir='ltr'>ilerulaleena.v</span> <span class='ocrx_word' id='word_1_220' title='bbox 716 2799 734 2843; x_wconf 82' lang='grc'>3)</span> <span class='ocrx_word' id='word_1_221' title='bbox 750 2799 774 2852; x_wconf 66' lang='lat' dir='ltr'>til-</span> 
     </span>
     <span class='ocr_line' id='line_1_37' title="bbox 46 2861 125 2905; baseline 0.025 -11"><span class='ocrx_word' id='word_1_222' title='bbox 46 2861 125 2905; x_wconf 79' lang='lat' dir='ltr'>gessit.</span> 
     </span>
    </p>
   </div>
   <div class='ocr_carea' id='block_1_7' title="bbox 0 0 908 3145">
    <p class='ocr_par' dir='ltr' id='par_1_7' title="bbox 0 0 908 3145">
     <span class='ocr_line' id='line_1_38' title="bbox 0 0 908 3145; baseline 0 1"><span class='ocrx_word' id='word_1_223' title='bbox 0 0 908 3145; x_wconf 95' lang='lat' dir='ltr'> </span> 
     </span>
    </p>
   </div>
  </div>
 </body>
</html>
