1807 3145
87 239 88 244 3
104 191 156 231 (tlt
240 210 241 213 η
370 183 395 218 Dc
406 182 499 228 prophetiis
510 180 581 217 33331333,

114 304 239 361 philosophos
257 303 315 344 totins
332 301 440 343 Britanniae
459 302 534 342 insulae
553 304 681 354 praeteream,
701 306 722 342 tn
741 299 843 348 3333333,

95 377 97 381 ’
116 373 168 427 quod
181 385 221 414 non
236 370 370 414 erubescolat
352 371 405 417 33333,
420 371 452 421 qui
465 381 511 421 prae
524 370 608 427 caeteris
623 367 690 409 audaci
704 369 745 420 lyra
759 375 843 410 caneres,
900 366 902 368 ’

115 443 153 483 3333
166 441 185 482 33
200 441 277 481 culmen
291 438 370 479 honoris
385 437 410 477 ad
423 436 496 489 majora
510 450 560 490 nego
562 438 587 477 tia
562 442 683 478 33333333.
720 434 784 500 Quum
798 443 844 484 ergo

114 512 197 564 placuit
179 514 238 551 tut
252 507 352 548 Gaufridus
366 506 519 548 Monumetcnsis
533 505 565 546 fist
566 506 616 546 ulam
635 518 690 547 suam
708 504 728 544 in
734 495 785 544 33333
799 503 845 545 vati·
901 534 903 536 .

116 580 167 621 cinio
182 581 268 628 3333333,
289 575 451 617 modulationibus
473 575 512 615 suis
531 575 595 616 lavere
615 586 654 615 nou
676 574 778 626 diffugias;.
795 575 818 611 et
829 570 846 609 si

117 646 162 700 quid
174 639 281 686 3333333333
295 643 335 683 3333
349 642 422 683 viciose
436 642 547 694 protulerit,
566 641 627 681 ferula
646 641 786 681 Camunnorum
805 641 845 677 tua-

117 726 160 755 rum
174 713 194 754 in
208 714 283 754 3333333
298 709 384 769 advertas
399 713 520 749 concentum.
672 715 674 717 ·

328 978 440 1036 33333333
463 976 637 1033 3333333333.

132 1148 134 1150 ,
175 1112 260 1155 Sedente
273 1111 337 1164 itaque
346 1110 461 1163 Vortlgerno
470 1110 570 1150 Rriionum
583 1122 629 1162 rege
644 1122 702 1161 super
715 1109 775 1161 ripam
786 1108 849 1149 hausti

113 1184 196 1237 'stagni,-
212 1181 286 1236 egressi
301 1185 344 1221 sunt
359 1179 397 1219 duo
412 1179 519 1226 dracones,
541 1190 622 1232 quorum
640 1190 688 1233 3333
707 1183 748 1219 erat
761 1177 816 1218 albus
831 1180 850 1216 et

119 1252 166 1291 alter
179 1250 255 1290 rubeus.
285 1238 370 1299 Utrinque
385 1247 433 1287 3333
452 1247 506 1286 alteri
525 1247 700 1298 appropinquasset,
687 1246 783 1287 tdirarn
798 1257 850 1284 com-

118 1319 212 1359 miserunt
211 1320 345 1377 pugnamct
363 1315 428 1367 ignem
443 1314 527 1355 anhelitu
542 1326 577 1354 suo
592 1316 724 1366 procreabant
752 1312 850 1354 Praevale-

100 1395 101 1398 ’
118 1373 151 1427 bat
165 1391 228 1427 autern
241 1382 297 1424 albus
312 1384 376 1443 draco,
391 1377 511 1434 rubenrnqne
529 1394 591 1434 usque
604 1383 630 1437 ad
644 1384 697 1424 lacus
712 1382 850 1438 extremitatem

118 1444 201 1505 fugabat.
230 1453 255 1493 33
268 1451 301 1492 3333
317 1462 361 1492 cum
375 1463 397 1492 sc
411 1451 512 1502 expulsum
531 1450 635 1497 doluisset,
655 1441 747 1503 impetum
767 1449 813 1491 iecit
831 1439 856 1495 Υ33

120 1521 185 1563 album
203 1520 305 1573 ipsumque
324 1523 376 1560 retro
396 1520 425 1561 irc
446 1519 514 1571 coegit.
544 1520 592 1571 ipsis
614 1533 660 1571 ergo
674 1521 694 1561 in
708 1520 759 1564 hunc
773 1516 851 1558 modum

119 1585 258 1646 pugnantibus,
273 1589 371 1638 praecepit
384 1600 418 1628 ren
431 1588 624 1649 Ambrosiolllerlino
635 1588 712 1652 3333333,
728 1586 773 1639 quid
788 1584 854 1623 draco-

121 1670 167 1697 num
186 1656 279 1709 praelium
297 1654 439 1707 praetendebat.
427 1655 514 1696 33333
528 1655 561 1696 ille
576 1646 662 1695 infletum
676 1665 778 1707 erumpens
799 1650 854 1702 spiri-

120 1730 161 1766 tum
174 1725 237 1765 hausit
229 1724 374 1776 tprophctiae,
394 1729 413 1763 33
428 1724 464 1763 ait:
482 1723 538 1770 „Vae
553 1722 615 1764 rubeo
630 1723 719 1764 draconi!
734 1734 779 1763 nam
793 1717 854 1761 exter

121 1784 200 1833 minatio
225 1790 267 1843 ejus
288 1791 370 1832 festinat
390 1767 509 1832 Guvernas
534 1789 576 1841 ejus
600 1791 715 1844 occupabit
726 1790 811 1836 albus,
822 1782 854 1839 qui

112 1856 221 1911 vSauoncs⁵
241 1870 290 1909 quos
310 1859 394 1898 invitasti
415 1858 514 1909 significat.
542 1857 620 1897 Rubeus
638 1872 683 1899 3333
699 1863 777 1910 gentem
792 1856 854 1905 desig-

121 1923 286 1972 nat'Britan'niae⁵
308 1937 357 1979 quac
376 1925 399 1966 ab
419 1925 462 1966 albo
484 1926 606 1979 opprimetur.
635 1926 712 1967 lllontes
732 1926 796 1978 itaque
811 1922 853 1974 3333

120 1994 216 2055 33331333
237 1989 380 2047 aequabuntur,
402 2000 427 2045 et
440 1995 517 2035 ilurnina
536 1996 613 2036 vallium
633 1998 726 2049 sanguine
745 1994 853 2035 rnannhunt.

123 2058 194 2113 Cultus
203 2061 302 2116 religionis
317 2062 423 2110 delebitur,
438 2068 458 2103 et
471 2063 598 2113 ecclesiarum
612 2064 665 2104 ruina
679 2064 756 2116 patebit.
775 2063 855 2103 Praeva-

121 2131 170 2171 lebit
189 2130 267 2171 terrdem
291 2142 384 2180 oppressa
409 2134 429 2169 33
452 2134 561 2185 exterorum
585 2130 674 2184 saevitiae
698 2132 785 2179 resistet3
810 2140 855 2178 aper·

124 2197 196 2238 etenim
210 2196 319 2248 Gornubiae
334 2207 448 2236 succursum
461 2197 576 2248 praestabit,
593 2201 612 2237 33
627 2190 757 2238 callecorum
772 2197 807 2239 sub
822 2206 855 2247 pe·

123 2264 180 2323 dibus
196 2259 377 2317 suis'vconculcabit.
406 2264 481 2304 insulae
497 2265 570 2305 Oceani
583 2267 672 2316 potestati
683 2263 752 2318 ipsius
766 2253 855 2307 ‘subden-

122 2324 458 2386 333333,33313333333333333333
478 2333 545 2373 sanus.
574 2333 657 2375 Timebit
674 2339 767 2399 Romulea
787 2338 855 2376 domus

125 2401 307 2452 seminantium,
328 2406 359 2441 et
367 2415 396 2442 333
397 2404 428 2440 us
448 2399 490 2451 ejus
506 2399 574 2441 diablus
589 2402 629 2442 erit
636 2405 679 2448 ln
693 2418 727 2459 nne
741 2405 856 2458 populorum

53 2486 56 2488 ·
125 2465 303 2538 celebrabitur‚t
283 2476 303 2512 ct
321 2476 374 2512 actus
394 2470 435 2522 ejus
456 2471 511 2512 cibus
527 2472 563 2512 erit
575 2473 701 2514 narrantibus
731 2473 769 2513 Ser
782 2473 856 2537 posteri

125 2537 168 2593 epus
183 2542 288 2593 sequentur
307 2545 415 2592 sceptrum
436 2540 470 2580 sed
488 2545 534 2592 post
552 2541 605 2592 ipsos
625 2538 715 2594 exsurget
736 2542 855 2594 germanicus

124 2609 200 2648 vermis
230 2605 345 2646 sublimabit
357 2606 409 2646 illum
423 2619 530 2659 aequorcus
540 2608 602 2658 lupus
619 2620 675 2659 quem
685 2608 767 2648 africana
777 2620 855 2648 nemora

125 2676 272 2718 comitabuntur.
300 2675 401 2716 Delabitur
414 2677 577 2728 iterumreligio,
599 2680 618 2716 et
635 2671 767 2717 transmutatio
786 2670 860 2728 prima->

125 2758 168 2787 rum
187 2743 262 2794 sedium
282 2744 322 2785 erit.
351 2732 438 2798 nigrius
458 2743 570 2802 Londoniae
591 2744 689 2786 adornabit
708 2743 854 2798 Dorobcrniam,

126 2818 146 2855 et
158 2805 226 2865 pastor
240 2810 364 2854 eboracensis
379 2813 476 2864 septimus
486 2812 506 2864 in
520 2812 616 2853 armorico
627 2802 855 2872 regno-frequentabitur.
