<?xml version="1.0" encoding="UTF-8"?>
<!DOCTYPE html PUBLIC "-//W3C//DTD XHTML 1.0 Transitional//EN"
    "http://www.w3.org/TR/xhtml1/DTD/xhtml1-transitional.dtd">
<html xmlns="http://www.w3.org/1999/xhtml" xml:lang="en" lang="en">
 <head>
  <title>
</title>
<meta http-equiv="Content-Type" content="text/html;charset=utf-8" />
  <meta name='ocr-system' content='tesseract 3.04.00' />
  <meta name='ocr-capabilities' content='ocr_page ocr_carea ocr_par ocr_line ocrx_word'/>
</head>
<body>
  <div class='ocr_page' id='page_1' title='image "./MN41907ucmf_4_0059.png"; bbox 0 0 1758 3137; ppageno 0'>
   <div class='ocr_carea' id='block_1_1' title="bbox 297 175 799 234">
    <p class='ocr_par' dir='ltr' id='par_1_1' title="bbox 297 175 799 234">
     <span class='ocr_line' id='line_1_1' title="bbox 297 175 799 234; baseline 0.004 -13"><span class='ocrx_word' id='word_1_1' title='bbox 297 186 324 225; x_wconf 82' lang='lat' dir='ltr'>lat.</span> <span class='ocrx_word' id='word_1_2' title='bbox 337 197 386 225; x_wconf 81' lang='lat' dir='ltr'>versa</span> <span class='ocrx_word' id='word_1_3' title='bbox 398 199 407 224; x_wconf 88' lang='lat' dir='ltr'>a</span> <span class='ocrx_word' id='word_1_4' title='bbox 418 175 466 224; x_wconf 78' lang='lat' dir='ltr'>liiclr.</span> <span class='ocrx_word' id='word_1_5' title='bbox 478 187 569 231; x_wconf 69' lang='lat' dir='ltr'>dearctare.</span> <span class='ocrx_word' id='word_1_6' title='bbox 772 194 799 234; x_wconf 73' lang='lat'>27</span> 
     </span>
    </p>
   </div>
   <div class='ocr_carea' id='block_1_2' title="bbox 70 302 798 426">
    <p class='ocr_par' dir='ltr' id='par_1_2' title="bbox 70 302 798 426">
     <span class='ocr_line' id='line_1_2' title="bbox 124 302 798 356; baseline 0.003 -11"><span class='ocrx_word' id='word_1_7' title='bbox 124 303 160 353; x_wconf 79' lang='grc'>34)</span> <span class='ocrx_word' id='word_1_8' title='bbox 180 302 277 356; x_wconf 75' lang='lat' dir='ltr'>angelus,</span> <span class='ocrx_word' id='word_1_9' title='bbox 294 303 326 356; x_wconf 90' lang='lat' dir='ltr'>qui</span> <span class='ocrx_word' id='word_1_10' title='bbox 340 305 387 345; x_wconf 93' lang='lat' dir='ltr'>mihi</span> <span class='ocrx_word' id='word_1_11' title='bbox 401 305 455 346; x_wconf 82' lang='lat' dir='ltr'>dixit:</span> <span class='ocrx_word' id='word_1_12' title='bbox 475 305 556 352; x_wconf 87' lang='lat' dir='ltr'>‚,lsaias‚</span> <span class='ocrx_word' id='word_1_13' title='bbox 576 304 602 346; x_wconf 88' lang='lat' dir='ltr'>fili</span> <span class='ocrx_word' id='word_1_14' title='bbox 616 305 687 352; x_wconf 79' lang='lat' dir='ltr'>Amos,</span> <span class='ocrx_word' id='word_1_15' title='bbox 702 317 758 346; x_wconf 88' lang='lat' dir='ltr'>servo</span> <span class='ocrx_word' id='word_1_16' title='bbox 773 311 798 352; x_wconf 90' lang='lat' dir='ltr'>tc,</span> 
     </span>
     <span class='ocr_line' id='line_1_3' title="bbox 70 373 798 426; baseline 0.003 -13"><span class='ocrx_word' id='word_1_17' title='bbox 70 374 126 426; x_wconf 82' lang='lat' dir='ltr'>„quia</span> <span class='ocrx_word' id='word_1_18' title='bbox 140 373 187 412; x_wconf 90' lang='lat' dir='ltr'>haec</span> <span class='ocrx_word' id='word_1_19' title='bbox 201 385 269 423; x_wconf 84' lang='lat' dir='ltr'>magua</span> <span class='ocrx_word' id='word_1_20' title='bbox 283 378 333 420; x_wconf 87' lang='lat' dir='ltr'>sunt,</span> <span class='ocrx_word' id='word_1_21' title='bbox 348 387 392 414; x_wconf 89' lang='lat' dir='ltr'>uam</span> <span class='ocrx_word' id='word_1_22' title='bbox 406 375 484 420; x_wconf 87' lang='lat' dir='ltr'>scivisti,</span> <span class='ocrx_word' id='word_1_23' title='bbox 500 375 551 426; x_wconf 89' lang='lat' dir='ltr'>quod</span> <span class='ocrx_word' id='word_1_24' title='bbox 565 375 616 414; x_wconf 89' lang='lat' dir='ltr'>filius</span> <span class='ocrx_word' id='word_1_25' title='bbox 626 375 687 414; x_wconf 91' lang='lat' dir='ltr'>carnis</span> <span class='ocrx_word' id='word_1_26' title='bbox 698 376 798 416; x_wconf 87' lang='lat' dir='ltr'>nescivit.“</span> 
     </span>
    </p>
   </div>
   <div class='ocr_carea' id='block_1_3' title="bbox 70 451 799 568">
    <p class='ocr_par' dir='ltr' id='par_1_3' title="bbox 70 451 799 568">
     <span class='ocr_line' id='line_1_4' title="bbox 123 451 799 506; baseline 0.004 -13"><span class='ocrx_word' id='word_1_27' title='bbox 123 453 159 502; x_wconf 85' lang='lat'>35)</span> <span class='ocrx_word' id='word_1_28' title='bbox 182 451 236 499; x_wconf 86' lang='lat' dir='ltr'>„Sed</span> <span class='ocrx_word' id='word_1_29' title='bbox 251 458 336 494; x_wconf 82' lang='lat' dir='ltr'>revertas</span> <span class='ocrx_word' id='word_1_30' title='bbox 351 454 375 494; x_wconf 89' lang='lat' dir='ltr'>ad</span> <span class='ocrx_word' id='word_1_31' title='bbox 388 460 462 495; x_wconf 90' lang='lat' dir='ltr'>vestem</span> <span class='ocrx_word' id='word_1_32' title='bbox 475 459 532 501; x_wconf 90' lang='lat' dir='ltr'>tuam,</span> <span class='ocrx_word' id='word_1_33' title='bbox 549 455 611 495; x_wconf 83' lang='lat' dir='ltr'>donec-</span> <span class='ocrx_word' id='word_1_34' title='bbox 621 454 663 494; x_wconf 86' lang='lat' dir='ltr'>dies</span> <span class='ocrx_word' id='word_1_35' title='bbox 672 455 699 494; x_wconf 84' lang='lat' dir='ltr'>tui</span> <span class='ocrx_word' id='word_1_36' title='bbox 708 456 799 506; x_wconf 87' lang='lat' dir='ltr'>implean-</span> 
     </span>
     <span class='ocr_line' id='line_1_5' title="bbox 70 522 473 568; baseline -0.002 -8"><span class='ocrx_word' id='word_1_37' title='bbox 70 529 122 568; x_wconf 70' lang='lat' dir='ltr'>„tum</span> <span class='ocrx_word' id='word_1_38' title='bbox 136 525 181 559; x_wconf 86' lang='lat' dir='ltr'>tunc</span> <span class='ocrx_word' id='word_1_39' title='bbox 195 522 233 567; x_wconf 81' lang='lat' dir='ltr'>huc</span> <span class='ocrx_word' id='word_1_40' title='bbox 247 522 333 560; x_wconf 82' lang='lat' dir='ltr'>verrios.“</span> <span class='ocrx_word' id='word_1_41' title='bbox 362 523 415 561; x_wconf 87' lang='lat' dir='ltr'>Haec</span> <span class='ocrx_word' id='word_1_42' title='bbox 430 523 473 562; x_wconf 88' lang='lat' dir='ltr'>vidi.</span> 
     </span>
    </p>
   </div>
   <div class='ocr_carea' id='block_1_4' title="bbox 69 600 800 860">
    <p class='ocr_par' dir='ltr' id='par_1_4' title="bbox 69 600 800 790">
     <span class='ocr_line' id='line_1_6' title="bbox 124 600 800 654; baseline -0.003 -12"><span class='ocrx_word' id='word_1_43' title='bbox 124 602 161 651; x_wconf 83' lang='grc'>36)</span> <span class='ocrx_word' id='word_1_44' title='bbox 181 601 204 640; x_wconf 88' lang='lat' dir='ltr'>Et</span> <span class='ocrx_word' id='word_1_45' title='bbox 218 600 276 639; x_wconf 88' lang='lat' dir='ltr'>isaias</span> <span class='ocrx_word' id='word_1_46' title='bbox 292 600 338 641; x_wconf 85' lang='lat' dir='ltr'>diuit</span> <span class='ocrx_word' id='word_1_47' title='bbox 354 602 451 649; x_wconf 87' lang='lat' dir='ltr'>omnibus,</span> <span class='ocrx_word' id='word_1_48' title='bbox 468 602 500 654; x_wconf 90' lang='lat' dir='ltr'>qui</span> <span class='ocrx_word' id='word_1_49' title='bbox 514 602 588 642; x_wconf 85' lang='lat' dir='ltr'>stabant</span> <span class='ocrx_word' id='word_1_50' title='bbox 603 613 667 641; x_wconf 89' lang='lat' dir='ltr'>coram</span> <span class='ocrx_word' id='word_1_51' title='bbox 682 603 716 648; x_wconf 87' lang='lat' dir='ltr'>eo,</span> <span class='ocrx_word' id='word_1_52' title='bbox 732 602 800 641; x_wconf 78' lang='lat' dir='ltr'>cteol</span> 
     </span>
     <span class='ocr_line' id='line_1_7' title="bbox 69 669 799 732; baseline -0.003 -21"><span class='ocrx_word' id='word_1_53' title='bbox 69 670 174 711; x_wconf 86' lang='lat' dir='ltr'>laudabant.</span> <span class='ocrx_word' id='word_1_54' title='bbox 207 669 231 709; x_wconf 89' lang='lat' dir='ltr'>Et</span> <span class='ocrx_word' id='word_1_55' title='bbox 250 669 395 722; x_wconf 75' lang='lat' dir='ltr'>colloquebatur</span> <span class='ocrx_word' id='word_1_56' title='bbox 414 682 458 732; x_wconf 79' lang='lat' dir='ltr'>cum</span> <span class='ocrx_word' id='word_1_57' title='bbox 475 671 558 711; x_wconf 83' lang='lat' dir='ltr'>Ezechia</span> <span class='ocrx_word' id='word_1_58' title='bbox 577 683 632 723; x_wconf 81' lang='lat' dir='ltr'>rege⁷</span> <span class='ocrx_word' id='word_1_59' title='bbox 652 670 728 710; x_wconf 87' lang='lat' dir='ltr'>diceus:</span> <span class='ocrx_word' id='word_1_60' title='bbox 749 671 799 717; x_wconf 82' lang='lat' dir='ltr'>„Aio</span> 
     </span>
     <span class='ocr_line' id='line_1_8' title="bbox 71 737 242 790; baseline -0.018 -12"><span class='ocrx_word' id='word_1_61' title='bbox 71 738 122 790; x_wconf 89' lang='lat' dir='ltr'>quod</span> <span class='ocrx_word' id='word_1_62' title='bbox 135 738 183 777; x_wconf 89' lang='lat' dir='ltr'>hacc</span> <span class='ocrx_word' id='word_1_63' title='bbox 199 737 242 776; x_wconf 84' lang='lat' dir='ltr'>dixi.</span> 
     </span>
    </p>

    <p class='ocr_par' dir='ltr' id='par_1_5' title="bbox 123 806 592 860">
     <span class='ocr_line' id='line_1_9' title="bbox 123 806 592 860; baseline 0.004 -14"><span class='ocrx_word' id='word_1_64' title='bbox 123 806 160 856; x_wconf 80' lang='lat' dir='ltr'>at)</span> <span class='ocrx_word' id='word_1_65' title='bbox 182 806 218 853; x_wconf 77' lang='lat' dir='ltr'>„ut</span> <span class='ocrx_word' id='word_1_66' title='bbox 232 808 372 848; x_wconf 87' lang='lat' dir='ltr'>consummatio</span> <span class='ocrx_word' id='word_1_67' title='bbox 386 807 443 860; x_wconf 82' lang='lat' dir='ltr'>hujus</span> <span class='ocrx_word' id='word_1_68' title='bbox 457 807 523 847; x_wconf 88' lang='lat' dir='ltr'>mundi</span> <span class='ocrx_word' id='word_1_69' title='bbox 537 808 592 848; x_wconf 86' lang='lat' dir='ltr'>erit.“</span> 
     </span>
    </p>
   </div>
   <div class='ocr_carea' id='block_1_5' title="bbox 122 887 784 944">
    <p class='ocr_par' dir='ltr' id='par_1_6' title="bbox 122 887 784 944">
     <span class='ocr_line' id='line_1_10' title="bbox 122 887 784 944; baseline -0.002 -17"><span class='ocrx_word' id='word_1_70' title='bbox 122 888 159 936; x_wconf 80' lang='lat'>38)</span> <span class='ocrx_word' id='word_1_71' title='bbox 180 887 216 933; x_wconf 85' lang='lat' dir='ltr'>„Et</span> <span class='ocrx_word' id='word_1_72' title='bbox 226 888 288 927; x_wconf 88' lang='lat' dir='ltr'>omnis</span> <span class='ocrx_word' id='word_1_73' title='bbox 298 888 346 929; x_wconf 91' lang='lat' dir='ltr'>haee</span> <span class='ocrx_word' id='word_1_74' title='bbox 355 890 404 930; x_wconf 87' lang='lat' dir='ltr'>visio</span> <span class='ocrx_word' id='word_1_75' title='bbox 414 889 524 940; x_wconf 77' lang='lat' dir='ltr'>implebitur</span> <span class='ocrx_word' id='word_1_76' title='bbox 533 890 553 928; x_wconf 95' lang='lat' dir='ltr'>in</span> <span class='ocrx_word' id='word_1_77' title='bbox 562 889 627 928; x_wconf 89' lang='lat' dir='ltr'>ultima</span> <span class='ocrx_word' id='word_1_78' title='bbox 642 888 784 944; x_wconf 83' lang='lat' dir='ltr'>generationc.“</span> 
     </span>
    </p>
   </div>
   <div class='ocr_carea' id='block_1_6' title="bbox 67 966 853 1095">
    <p class='ocr_par' dir='ltr' id='par_1_7' title="bbox 67 966 853 1095">
     <span class='ocr_line' id='line_1_11' title="bbox 124 966 853 1019; baseline 0 -12"><span class='ocrx_word' id='word_1_79' title='bbox 124 966 159 1015; x_wconf 79' lang='grc'>39)</span> <span class='ocrx_word' id='word_1_80' title='bbox 179 967 202 1007; x_wconf 85' lang='lat' dir='ltr'>Et</span> <span class='ocrx_word' id='word_1_81' title='bbox 216 966 274 1007; x_wconf 80' lang='lat' dir='ltr'>isaias</span> <span class='ocrx_word' id='word_1_82' title='bbox 290 967 398 1010; x_wconf 83' lang='lat' dir='ltr'>obsecravit</span> <span class='ocrx_word' id='word_1_83' title='bbox 412 981 465 1015; x_wconf 77' lang='lat' dir='ltr'>eum,</span> <span class='ocrx_word' id='word_1_84' title='bbox 484 980 523 1007; x_wconf 87' lang='lat' dir='ltr'>nou</span> <span class='ocrx_word' id='word_1_85' title='bbox 542 979 619 1008; x_wconf 88' lang='lat' dir='ltr'>narrare</span> <span class='ocrx_word' id='word_1_86' title='bbox 637 967 709 1019; x_wconf 92' lang='lat' dir='ltr'>populo</span> <span class='ocrx_word' id='word_1_87' title='bbox 723 966 816 1010; x_wconf 68' lang='lat' dir='ltr'>Israelis,</span> <span class='ocrx_word' id='word_1_88' title='bbox 849 996 853 1007; x_wconf 77' lang='grc'><em>,</em></span> 
     </span>
     <span class='ocr_line' id='line_1_12' title="bbox 67 1034 630 1095; baseline 0.002 -22"><span class='ocrx_word' id='word_1_89' title='bbox 67 1035 115 1074; x_wconf 85' lang='lat' dir='ltr'>haec</span> <span class='ocrx_word' id='word_1_90' title='bbox 130 1034 197 1080; x_wconf 89' lang='lat' dir='ltr'>verba,</span> <span class='ocrx_word' id='word_1_91' title='bbox 213 1046 238 1073; x_wconf 90' lang='lat' dir='ltr'>ue</span> <span class='ocrx_word' id='word_1_92' title='bbox 253 1047 275 1074; x_wconf 89' lang='lat' dir='ltr'>ea</span> <span class='ocrx_word' id='word_1_93' title='bbox 290 1036 394 1086; x_wconf 85' lang='lat' dir='ltr'>subjiceret</span> <span class='ocrx_word' id='word_1_94' title='bbox 407 1036 527 1087; x_wconf 79' lang='lat' dir='ltr'>perversitati</span> <span class='ocrx_word' id='word_1_95' title='bbox 541 1037 630 1095; x_wconf 75' lang='lat' dir='ltr'>hominis.</span> 
     </span>
    </p>
   </div>
   <div class='ocr_carea' id='block_1_7' title="bbox 69 1111 800 1301">
    <p class='ocr_par' dir='ltr' id='par_1_8' title="bbox 69 1111 800 1301">
     <span class='ocr_line' id='line_1_13' title="bbox 123 1111 799 1165; baseline 0.003 -13"><span class='ocrx_word' id='word_1_96' title='bbox 123 1114 159 1162; x_wconf 80' lang='lat' dir='ltr'>ld)</span> <span class='ocrx_word' id='word_1_97' title='bbox 182 1112 235 1159; x_wconf 86' lang='lat' dir='ltr'>„Sed</span> <span class='ocrx_word' id='word_1_98' title='bbox 248 1117 304 1159; x_wconf 82' lang='lat' dir='ltr'>tuoe,</span> <span class='ocrx_word' id='word_1_99' title='bbox 323 1115 393 1165; x_wconf 84' lang='lat' dir='ltr'>inquit,</span> <span class='ocrx_word' id='word_1_100' title='bbox 415 1114 483 1154; x_wconf 87' lang='lat' dir='ltr'>dicetis</span> <span class='ocrx_word' id='word_1_101' title='bbox 498 1113 522 1152; x_wconf 88' lang='lat' dir='ltr'>de</span> <span class='ocrx_word' id='word_1_102' title='bbox 535 1115 570 1161; x_wconf 80' lang='lat' dir='ltr'>iis,</span> <span class='ocrx_word' id='word_1_103' title='bbox 590 1126 635 1154; x_wconf 90' lang='lat' dir='ltr'>cum</span> <span class='ocrx_word' id='word_1_104' title='bbox 650 1111 703 1154; x_wconf 88' lang='lat' dir='ltr'>vobis</span> <span class='ocrx_word' id='word_1_105' title='bbox 718 1115 799 1165; x_wconf 80' lang='lat' dir='ltr'>permIs·</span> 
     </span>
     <span class='ocr_line' id='line_1_14' title="bbox 69 1179 800 1234; baseline 0.001 -14"><span class='ocrx_word' id='word_1_106' title='bbox 69 1193 125 1226; x_wconf 85' lang='lat' dir='ltr'>„sum</span> <span class='ocrx_word' id='word_1_107' title='bbox 145 1180 181 1220; x_wconf 88' lang='lat' dir='ltr'>erit</span> <span class='ocrx_word' id='word_1_108' title='bbox 201 1179 297 1232; x_wconf 85' lang='lat' dir='ltr'>aSpiritu</span> <span class='ocrx_word' id='word_1_109' title='bbox 312 1187 378 1222; x_wconf 78' lang='lat' dir='ltr'>saucio</span> <span class='ocrx_word' id='word_1_110' title='bbox 393 1183 482 1234; x_wconf 87' lang='lat' dir='ltr'>accipere</span> <span class='ocrx_word' id='word_1_111' title='bbox 500 1186 564 1223; x_wconf 87' lang='lat' dir='ltr'>vestes</span> <span class='ocrx_word' id='word_1_112' title='bbox 582 1186 666 1228; x_wconf 86' lang='lat' dir='ltr'>vestras,</span> <span class='ocrx_word' id='word_1_113' title='bbox 687 1185 706 1221; x_wconf 90' lang='lat' dir='ltr'>et</span> <span class='ocrx_word' id='word_1_114' title='bbox 719 1182 800 1222; x_wconf 79' lang='lat' dir='ltr'>thronos</span> 
     </span>
     <span class='ocr_line' id='line_1_15' title="bbox 69 1240 772 1301; baseline 0.004 -16"><span class='ocrx_word' id='word_1_115' title='bbox 69 1253 101 1291; x_wconf 84' lang='lat' dir='ltr'>„et</span> <span class='ocrx_word' id='word_1_116' title='bbox 115 1260 197 1286; x_wconf 85' lang='lat' dir='ltr'>coronas</span> <span class='ocrx_word' id='word_1_117' title='bbox 211 1248 330 1298; x_wconf 77' lang='lat' dir='ltr'>splendoris,</span> <span class='ocrx_word' id='word_1_118' title='bbox 346 1262 394 1301; x_wconf 88' lang='lat' dir='ltr'>quae</span> <span class='ocrx_word' id='word_1_119' title='bbox 408 1251 429 1288; x_wconf 84' lang='lat' dir='ltr'>in</span> <span class='ocrx_word' id='word_1_120' title='bbox 443 1240 524 1301; x_wconf 86' lang='lat' dir='ltr'>septimo</span> <span class='ocrx_word' id='word_1_121' title='bbox 540 1250 595 1288; x_wconf 85' lang='lat' dir='ltr'>coelo</span> <span class='ocrx_word' id='word_1_122' title='bbox 610 1250 694 1301; x_wconf 85' lang='lat' dir='ltr'>reposita</span> <span class='ocrx_word' id='word_1_123' title='bbox 709 1253 772 1288; x_wconf 89' lang='lat' dir='ltr'>sunt.“</span> 
     </span>
    </p>
   </div>
   <div class='ocr_carea' id='block_1_8' title="bbox 70 1326 800 1445">
    <p class='ocr_par' dir='ltr' id='par_1_9' title="bbox 70 1326 800 1445">
     <span class='ocr_line' id='line_1_16' title="bbox 122 1326 800 1377; baseline 0.006 -13"><span class='ocrx_word' id='word_1_124' title='bbox 122 1326 158 1374; x_wconf 86' lang='grc'>41)</span> <span class='ocrx_word' id='word_1_125' title='bbox 181 1326 260 1377; x_wconf 81' lang='lat' dir='ltr'>Propter</span> <span class='ocrx_word' id='word_1_126' title='bbox 273 1326 308 1365; x_wconf 90' lang='lat' dir='ltr'>has</span> <span class='ocrx_word' id='word_1_127' title='bbox 322 1328 406 1368; x_wconf 79' lang='lat' dir='ltr'>visiones</span> <span class='ocrx_word' id='word_1_128' title='bbox 425 1333 444 1367; x_wconf 89' lang='lat' dir='ltr'>et</span> <span class='ocrx_word' id='word_1_129' title='bbox 457 1328 557 1375; x_wconf 86' lang='lat' dir='ltr'>vaticinia,</span> <span class='ocrx_word' id='word_1_130' title='bbox 580 1328 657 1368; x_wconf 79' lang='lat' dir='ltr'>Samaei</span> <span class='ocrx_word' id='word_1_131' title='bbox 672 1327 730 1369; x_wconf 86' lang='lat' dir='ltr'>Satan</span> <span class='ocrx_word' id='word_1_132' title='bbox 745 1341 800 1368; x_wconf 90' lang='lat' dir='ltr'>serra</span> 
     </span>
     <span class='ocr_line' id='line_1_17' title="bbox 70 1392 644 1445; baseline 0.007 -13"><span class='ocrx_word' id='word_1_133' title='bbox 70 1392 163 1434; x_wconf 77' lang='lat' dir='ltr'>dissonuit</span> <span class='ocrx_word' id='word_1_134' title='bbox 175 1406 211 1445; x_wconf 89' lang='lat' dir='ltr'>per</span> <span class='ocrx_word' id='word_1_135' title='bbox 224 1395 334 1436; x_wconf 86' lang='lat' dir='ltr'>Manassem</span> <span class='ocrx_word' id='word_1_136' title='bbox 345 1397 414 1436; x_wconf 91' lang='lat' dir='ltr'>lsaiam</span> <span class='ocrx_word' id='word_1_137' title='bbox 427 1395 487 1435; x_wconf 88' lang='lat' dir='ltr'>filiurn</span> <span class='ocrx_word' id='word_1_138' title='bbox 501 1396 562 1435; x_wconf 74' lang='lat' dir='ltr'>Amos</span> <span class='ocrx_word' id='word_1_139' title='bbox 576 1400 644 1436; x_wconf 85' lang='lat' dir='ltr'>uatem.</span> 
     </span>
    </p>
   </div>
   <div class='ocr_carea' id='block_1_9' title="bbox 70 1474 800 1593">
    <p class='ocr_par' dir='ltr' id='par_1_10' title="bbox 70 1474 800 1593">
     <span class='ocr_line' id='line_1_18' title="bbox 123 1474 800 1521; baseline 0.001 -9"><span class='ocrx_word' id='word_1_140' title='bbox 123 1474 159 1521; x_wconf 70' lang='lat'>42)</span> <span class='ocrx_word' id='word_1_141' title='bbox 180 1475 203 1512; x_wconf 87' lang='lat' dir='ltr'>Et</span> <span class='ocrx_word' id='word_1_142' title='bbox 221 1475 270 1512; x_wconf 88' lang='lat' dir='ltr'>haec</span> <span class='ocrx_word' id='word_1_143' title='bbox 291 1477 355 1514; x_wconf 86' lang='lat' dir='ltr'>omnia</span> <span class='ocrx_word' id='word_1_144' title='bbox 368 1477 460 1516; x_wconf 78' lang='lat' dir='ltr'>Ezechias</span> <span class='ocrx_word' id='word_1_145' title='bbox 480 1475 557 1515; x_wconf 89' lang='lat' dir='ltr'>tradidit</span> <span class='ocrx_word' id='word_1_146' title='bbox 569 1475 655 1516; x_wconf 89' lang='lat' dir='ltr'>Manassi</span> <span class='ocrx_word' id='word_1_147' title='bbox 672 1475 693 1513; x_wconf 91' lang='lat' dir='ltr'>in</span> <span class='ocrx_word' id='word_1_148' title='bbox 706 1474 800 1514; x_wconf 89' lang='lat' dir='ltr'>vicesimo</span> 
     </span>
     <span class='ocr_line' id='line_1_19' title="bbox 70 1542 262 1593; baseline 0 -13"><span class='ocrx_word' id='word_1_149' title='bbox 70 1546 123 1582; x_wconf 84' lang='lat' dir='ltr'>sexto</span> <span class='ocrx_word' id='word_1_150' title='bbox 138 1552 188 1581; x_wconf 91' lang='lat' dir='ltr'>anno</span> <span class='ocrx_word' id='word_1_151' title='bbox 202 1542 262 1593; x_wconf 83' lang='lat' dir='ltr'>regni.</span> 
     </span>
    </p>
   </div>
   <div class='ocr_carea' id='block_1_10' title="bbox 69 1613 803 1742">
    <p class='ocr_par' dir='ltr' id='par_1_11' title="bbox 69 1613 803 1742">
     <span class='ocr_line' id='line_1_20' title="bbox 124 1613 803 1673; baseline 0.001 -14"><span class='ocrx_word' id='word_1_152' title='bbox 124 1619 160 1669; x_wconf 84' lang='grc'>43)</span> <span class='ocrx_word' id='word_1_153' title='bbox 180 1619 204 1660; x_wconf 86' lang='lat' dir='ltr'>Et</span> <span class='ocrx_word' id='word_1_154' title='bbox 222 1619 323 1661; x_wconf 84' lang='lat' dir='ltr'>Manasses</span> <span class='ocrx_word' id='word_1_155' title='bbox 343 1621 413 1662; x_wconf 87' lang='lat' dir='ltr'>oblitus</span> <span class='ocrx_word' id='word_1_156' title='bbox 432 1626 473 1670; x_wconf 85' lang='lat' dir='ltr'>est,</span> <span class='ocrx_word' id='word_1_157' title='bbox 493 1634 530 1663; x_wconf 89' lang='lat' dir='ltr'>uec</span> <span class='ocrx_word' id='word_1_158' title='bbox 551 1621 638 1673; x_wconf 82' lang='lat' dir='ltr'>reposuit</span> <span class='ocrx_word' id='word_1_159' title='bbox 650 1620 698 1660; x_wconf 90' lang='lat' dir='ltr'>haee</span> <span class='ocrx_word' id='word_1_160' title='bbox 712 1613 747 1660; x_wconf 90' lang='lat' dir='ltr'>in¹</span> <span class='ocrx_word' id='word_1_161' title='bbox 768 1631 803 1661; x_wconf 90' lang='lat' dir='ltr'>sua</span> 
     </span>
     <span class='ocr_line' id='line_1_21' title="bbox 69 1689 608 1742; baseline 0.006 -16"><span class='ocrx_word' id='word_1_162' title='bbox 69 1691 144 1734; x_wconf 64' lang='lat' dir='ltr'>mente</span> <span class='ocrx_word' id='word_1_163' title='bbox 159 1689 195 1729; x_wconf 87' lang='lat' dir='ltr'>sed</span> <span class='ocrx_word' id='word_1_164' title='bbox 209 1690 294 1730; x_wconf 83' lang='lat' dir='ltr'>servituti</span> <span class='ocrx_word' id='word_1_165' title='bbox 310 1690 392 1731; x_wconf 84' lang='lat' dir='ltr'>Satanae</span> <span class='ocrx_word' id='word_1_166' title='bbox 405 1691 479 1742; x_wconf 84' lang='lat' dir='ltr'>perdite</span> <span class='ocrx_word' id='word_1_167' title='bbox 494 1704 516 1731; x_wconf 90' lang='lat' dir='ltr'>se</span> <span class='ocrx_word' id='word_1_168' title='bbox 531 1690 608 1731; x_wconf 85' lang='lat' dir='ltr'>dedidit.</span> 
     </span>
    </p>
   </div>
   <div class='ocr_carea' id='block_1_11' title="bbox 167 1788 704 1835">
    <p class='ocr_par' dir='ltr' id='par_1_12' title="bbox 167 1788 704 1835">
     <span class='ocr_line' id='line_1_22' title="bbox 167 1788 704 1835; baseline 0.002 -14"><span class='ocrx_word' id='word_1_169' title='bbox 167 1788 199 1821; x_wconf 81' lang='lat' dir='ltr'>Hic</span> <span class='ocrx_word' id='word_1_170' title='bbox 210 1788 293 1822; x_wconf 70' lang='lat' dir='ltr'>assolares</span> <span class='ocrx_word' id='word_1_171' title='bbox 304 1795 327 1823; x_wconf 83' lang='lat' dir='ltr'>cst</span> <span class='ocrx_word' id='word_1_172' title='bbox 339 1791 380 1824; x_wconf 74' lang='lat' dir='ltr'>liber</span> <span class='ocrx_word' id='word_1_173' title='bbox 391 1792 445 1825; x_wconf 83' lang='lat' dir='ltr'>Isoiuc</span> <span class='ocrx_word' id='word_1_174' title='bbox 457 1793 498 1825; x_wconf 82' lang='lat' dir='ltr'>uotis</span> <span class='ocrx_word' id='word_1_175' title='bbox 509 1802 546 1825; x_wconf 82' lang='lat' dir='ltr'>curo</span> <span class='ocrx_word' id='word_1_176' title='bbox 557 1793 592 1835; x_wconf 76' lang='lat' dir='ltr'>cjrts</span> <span class='ocrx_word' id='word_1_177' title='bbox 604 1790 704 1824; x_wconf 80' lang='lat' dir='ltr'>escensione.</span> 
     </span>
    </p>
   </div>
   <div class='ocr_carea' id='block_1_12' title="bbox 68 2005 806 2738">
    <p class='ocr_par' dir='ltr' id='par_1_13' title="bbox 68 2005 806 2738">
     <span class='ocr_line' id='line_1_23' title="bbox 125 2005 804 2060; baseline 0.003 -15"><span class='ocrx_word' id='word_1_178' title='bbox 125 2007 148 2045; x_wconf 84' lang='lat' dir='ltr'>Et</span> <span class='ocrx_word' id='word_1_179' title='bbox 163 2005 225 2057; x_wconf 88' lang='lat' dir='ltr'>quoad</span> <span class='ocrx_word' id='word_1_180' title='bbox 239 2009 268 2052; x_wconf 85' lang='lat' dir='ltr'>tc,</span> <span class='ocrx_word' id='word_1_181' title='bbox 283 2006 309 2045; x_wconf 89' lang='lat' dir='ltr'>mi</span> <span class='ocrx_word' id='word_1_182' title='bbox 323 2011 378 2057; x_wconf 87' lang='lat' dir='ltr'>pater</span> <span class='ocrx_word' id='word_1_183' title='bbox 391 2008 469 2053; x_wconf 78' lang='lat' dir='ltr'>durau,</span> <span class='ocrx_word' id='word_1_184' title='bbox 490 2007 540 2047; x_wconf 89' lang='lat' dir='ltr'>sicut</span> <span class='ocrx_word' id='word_1_185' title='bbox 556 2011 578 2047; x_wconf 90' lang='lat' dir='ltr'>ut</span> <span class='ocrx_word' id='word_1_186' title='bbox 596 2006 627 2046; x_wconf 92' lang='lat' dir='ltr'>hic</span> <span class='ocrx_word' id='word_1_187' title='bbox 648 2006 696 2046; x_wconf 79' lang='lat' dir='ltr'>liber</span> <span class='ocrx_word' id='word_1_188' title='bbox 711 2007 804 2060; x_wconf 73' lang='lat' dir='ltr'>scribatur</span> 
     </span>
     <span class='ocr_line' id='line_1_24' title="bbox 70 2074 805 2132; baseline 0.004 -21"><span class='ocrx_word' id='word_1_189' title='bbox 70 2075 166 2120; x_wconf 82' lang='lat' dir='ltr'>interris,</span> <span class='ocrx_word' id='word_1_190' title='bbox 182 2074 255 2120; x_wconf 83' lang='lat' dir='ltr'>fecisti,</span> <span class='ocrx_word' id='word_1_191' title='bbox 271 2075 325 2114; x_wconf 80' lang='lat' dir='ltr'>Deras</span> <span class='ocrx_word' id='word_1_192' title='bbox 340 2075 412 2132; x_wconf 80' lang='lat' dir='ltr'>scribet</span> <span class='ocrx_word' id='word_1_193' title='bbox 426 2080 479 2114; x_wconf 88' lang='lat' dir='ltr'>tuam</span> <span class='ocrx_word' id='word_1_194' title='bbox 493 2087 564 2115; x_wconf 87' lang='lat' dir='ltr'>nomeu</span> <span class='ocrx_word' id='word_1_195' title='bbox 577 2076 597 2114; x_wconf 88' lang='lat' dir='ltr'>iu</span> <span class='ocrx_word' id='word_1_196' title='bbox 612 2075 660 2114; x_wconf 90' lang='lat' dir='ltr'>libro</span> <span class='ocrx_word' id='word_1_197' title='bbox 676 2076 724 2115; x_wconf 89' lang='lat' dir='ltr'>vitae</span> <span class='ocrx_word' id='word_1_198' title='bbox 737 2076 756 2114; x_wconf 95' lang='lat' dir='ltr'>in</span> <span class='ocrx_word' id='word_1_199' title='bbox 772 2088 805 2114; x_wconf 88' lang='lat' dir='ltr'>co-</span> 
     </span>
     <span class='ocr_line' id='line_1_25' title="bbox 71 2141 806 2193; baseline 0.003 -13"><span class='ocrx_word' id='word_1_200' title='bbox 71 2141 145 2181; x_wconf 86' lang='lat' dir='ltr'>lumnas</span> <span class='ocrx_word' id='word_1_201' title='bbox 160 2142 306 2193; x_wconf 83' lang='lat' dir='ltr'>Hierosolymae</span> <span class='ocrx_word' id='word_1_202' title='bbox 321 2144 419 2182; x_wconf 86' lang='lat' dir='ltr'>coelestis.</span> <span class='ocrx_word' id='word_1_203' title='bbox 452 2143 500 2183; x_wconf 88' lang='lat' dir='ltr'>Nam</span> <span class='ocrx_word' id='word_1_204' title='bbox 514 2144 619 2193; x_wconf 82' lang='lat' dir='ltr'>praetulisti</span> <span class='ocrx_word' id='word_1_205' title='bbox 634 2143 714 2184; x_wconf 87' lang='lat' dir='ltr'>verbum</span> <span class='ocrx_word' id='word_1_206' title='bbox 727 2142 769 2188; x_wconf 86' lang='lat' dir='ltr'>Dei,</span> <span class='ocrx_word' id='word_1_207' title='bbox 784 2148 806 2182; x_wconf 89' lang='lat' dir='ltr'>ut</span> 
     </span>
     <span class='ocr_line' id='line_1_26' title="bbox 71 2209 805 2262; baseline 0.005 -15"><span class='ocrx_word' id='word_1_208' title='bbox 71 2209 96 2248; x_wconf 90' lang='lat' dir='ltr'>sit</span> <span class='ocrx_word' id='word_1_209' title='bbox 114 2210 215 2255; x_wconf 72' lang='lat' dir='ltr'>viaticum,</span> <span class='ocrx_word' id='word_1_210' title='bbox 236 2210 300 2249; x_wconf 87' lang='lat' dir='ltr'>multis</span> <span class='ocrx_word' id='word_1_211' title='bbox 323 2212 423 2250; x_wconf 83' lang='lat' dir='ltr'>thesauris.</span> <span class='ocrx_word' id='word_1_212' title='bbox 457 2211 481 2251; x_wconf 87' lang='lat' dir='ltr'>Et</span> <span class='ocrx_word' id='word_1_213' title='bbox 495 2222 557 2258; x_wconf 80' lang='lat' dir='ltr'>outre,</span> <span class='ocrx_word' id='word_1_214' title='bbox 584 2209 737 2262; x_wconf 84' lang='lat' dir='ltr'>quandoquidem</span> <span class='ocrx_word' id='word_1_215' title='bbox 751 2212 805 2251; x_wconf 87' lang='lat' dir='ltr'>Deus</span> 
     </span>
     <span class='ocr_line' id='line_1_27' title="bbox 70 2275 804 2329; baseline 0.005 -15"><span class='ocrx_word' id='word_1_216' title='bbox 70 2275 104 2315; x_wconf 87' lang='lat' dir='ltr'>tihi</span> <span class='ocrx_word' id='word_1_217' title='bbox 118 2277 167 2316; x_wconf 88' lang='lat' dir='ltr'>hauc</span> <span class='ocrx_word' id='word_1_218' title='bbox 182 2277 261 2328; x_wconf 79' lang='lat' dir='ltr'>gratiam</span> <span class='ocrx_word' id='word_1_219' title='bbox 274 2278 294 2316; x_wconf 91' lang='lat' dir='ltr'>in</span> <span class='ocrx_word' id='word_1_220' title='bbox 308 2279 363 2317; x_wconf 88' lang='lat' dir='ltr'>terris</span> <span class='ocrx_word' id='word_1_221' title='bbox 378 2278 465 2325; x_wconf 83' lang='lat' dir='ltr'>donavit,</span> <span class='ocrx_word' id='word_1_222' title='bbox 480 2282 500 2317; x_wconf 86' lang='lat' dir='ltr'>ut</span> <span class='ocrx_word' id='word_1_223' title='bbox 515 2278 605 2325; x_wconf 86' lang='lat' dir='ltr'>officium,</span> <span class='ocrx_word' id='word_1_224' title='bbox 620 2277 671 2329; x_wconf 84' lang='lat' dir='ltr'>quod</span> <span class='ocrx_word' id='word_1_225' title='bbox 685 2278 758 2325; x_wconf 80' lang='lat' dir='ltr'>transit⁷</span> <span class='ocrx_word' id='word_1_226' title='bbox 773 2291 804 2318; x_wconf 84' lang='lat' dir='ltr'>re-</span> 
     </span>
     <span class='ocr_line' id='line_1_28' title="bbox 68 2342 805 2399; baseline 0.004 -17"><span class='ocrx_word' id='word_1_227' title='bbox 68 2342 151 2393; x_wconf 69' lang='lat' dir='ltr'>jaceres,</span> <span class='ocrx_word' id='word_1_228' title='bbox 173 2347 262 2393; x_wconf 81' lang='lat' dir='ltr'>etfacit,</span> <span class='ocrx_word' id='word_1_229' title='bbox 282 2351 303 2385; x_wconf 89' lang='lat' dir='ltr'>ut</span> <span class='ocrx_word' id='word_1_230' title='bbox 316 2351 447 2398; x_wconf 85' lang='lat' dir='ltr'>paupertatem</span> <span class='ocrx_word' id='word_1_231' title='bbox 463 2358 548 2392; x_wconf 88' lang='lat' dir='ltr'>amares,</span> <span class='ocrx_word' id='word_1_232' title='bbox 568 2351 587 2385; x_wconf 90' lang='lat' dir='ltr'>et</span> <span class='ocrx_word' id='word_1_233' title='bbox 600 2351 699 2397; x_wconf 87' lang='lat' dir='ltr'>praeterea</span> <span class='ocrx_word' id='word_1_234' title='bbox 713 2345 748 2385; x_wconf 87' lang='lat' dir='ltr'>tibi</span> <span class='ocrx_word' id='word_1_235' title='bbox 763 2358 805 2399; x_wconf 82' lang='lat' dir='ltr'>gra-</span> 
     </span>
     <span class='ocr_line' id='line_1_29' title="bbox 70 2413 805 2466; baseline 0.003 -14"><span class='ocrx_word' id='word_1_236' title='bbox 70 2413 116 2454; x_wconf 91' lang='lat' dir='ltr'>tiam</span> <span class='ocrx_word' id='word_1_237' title='bbox 138 2413 224 2461; x_wconf 79' lang='lat' dir='ltr'>donavit,</span> <span class='ocrx_word' id='word_1_238' title='bbox 251 2418 270 2452; x_wconf 89' lang='lat' dir='ltr'>ut</span> <span class='ocrx_word' id='word_1_239' title='bbox 291 2425 346 2453; x_wconf 88' lang='lat' dir='ltr'>esscs</span> <span class='ocrx_word' id='word_1_240' title='bbox 368 2413 440 2454; x_wconf 83' lang='lat' dir='ltr'>advena</span> <span class='ocrx_word' id='word_1_241' title='bbox 462 2417 481 2452; x_wconf 90' lang='lat' dir='ltr'>et</span> <span class='ocrx_word' id='word_1_242' title='bbox 498 2414 630 2466; x_wconf 82' lang='lat' dir='ltr'>peregrinator</span> <span class='ocrx_word' id='word_1_243' title='bbox 647 2414 697 2466; x_wconf 89' lang='lat' dir='ltr'>apud</span> <span class='ocrx_word' id='word_1_244' title='bbox 717 2421 805 2455; x_wconf 88' lang='lat' dir='ltr'>sanctum</span> 
     </span>
     <span class='ocr_line' id='line_1_30' title="bbox 72 2481 803 2535; baseline 0.005 -15"><span class='ocrx_word' id='word_1_245' title='bbox 72 2483 205 2533; x_wconf 86' lang='lat' dir='ltr'>sepulchrum,</span> <span class='ocrx_word' id='word_1_246' title='bbox 221 2481 272 2521; x_wconf 88' lang='lat' dir='ltr'>dabit</span> <span class='ocrx_word' id='word_1_247' title='bbox 285 2481 318 2521; x_wconf 86' lang='lat' dir='ltr'>tibi</span> <span class='ocrx_word' id='word_1_248' title='bbox 333 2482 481 2522; x_wconf 78' lang='lat' dir='ltr'>Deusihronos</span> <span class='ocrx_word' id='word_1_249' title='bbox 496 2493 591 2534; x_wconf 90' lang='lat' dir='ltr'>supernos</span> <span class='ocrx_word' id='word_1_250' title='bbox 606 2486 626 2523; x_wconf 83' lang='lat' dir='ltr'>ci</span> <span class='ocrx_word' id='word_1_251' title='bbox 641 2495 723 2523; x_wconf 90' lang='lat' dir='ltr'>coronas</span> <span class='ocrx_word' id='word_1_252' title='bbox 739 2485 803 2535; x_wconf 88' lang='lat' dir='ltr'>splen-</span> 
     </span>
     <span class='ocr_line' id='line_1_31' title="bbox 72 2547 804 2597; baseline 0.005 -12"><span class='ocrx_word' id='word_1_253' title='bbox 72 2547 125 2588; x_wconf 90' lang='lat' dir='ltr'>didas</span> <span class='ocrx_word' id='word_1_254' title='bbox 147 2561 191 2587; x_wconf 90' lang='lat' dir='ltr'>cum</span> <span class='ocrx_word' id='word_1_255' title='bbox 210 2549 267 2587; x_wconf 87' lang='lat' dir='ltr'>fratre</span> <span class='ocrx_word' id='word_1_256' title='bbox 288 2554 355 2588; x_wconf 88' lang='lat' dir='ltr'>nostro</span> <span class='ocrx_word' id='word_1_257' title='bbox 375 2549 482 2594; x_wconf 83' lang='lat' dir='ltr'>Mercurio,</span> <span class='ocrx_word' id='word_1_258' title='bbox 502 2553 555 2588; x_wconf 87' lang='lat' dir='ltr'>tecto</span> <span class='ocrx_word' id='word_1_259' title='bbox 574 2554 628 2589; x_wconf 89' lang='lat' dir='ltr'>veste</span> <span class='ocrx_word' id='word_1_260' title='bbox 646 2551 804 2597; x_wconf 82' lang='lat' dir='ltr'>mansuetudinis,</span> 
     </span>
     <span class='ocr_line' id='line_1_32' title="bbox 71 2615 806 2670; baseline 0.003 -16"><span class='ocrx_word' id='word_1_261' title='bbox 71 2615 129 2664; x_wconf 83' lang='lat' dir='ltr'>pleno</span> <span class='ocrx_word' id='word_1_262' title='bbox 143 2628 208 2657; x_wconf 90' lang='lat' dir='ltr'>amore</span> <span class='ocrx_word' id='word_1_263' title='bbox 223 2617 399 2665; x_wconf 67' lang='lat' dir='ltr'>essecommoda,</span> <span class='ocrx_word' id='word_1_264' title='bbox 422 2623 441 2658; x_wconf 91' lang='lat' dir='ltr'>et</span> <span class='ocrx_word' id='word_1_265' title='bbox 455 2630 499 2657; x_wconf 90' lang='lat' dir='ltr'>oum</span> <span class='ocrx_word' id='word_1_266' title='bbox 513 2618 627 2670; x_wconf 74' lang='lat' dir='ltr'>presbytero</span> <span class='ocrx_word' id='word_1_267' title='bbox 641 2617 750 2664; x_wconf 72' lang='lat' dir='ltr'>Michaiile,</span> <span class='ocrx_word' id='word_1_268' title='bbox 766 2630 806 2656; x_wconf 94' lang='lat' dir='ltr'>om-</span> 
     </span>
     <span class='ocr_line' id='line_1_33' title="bbox 71 2683 804 2738; baseline 0.004 -17"><span class='ocrx_word' id='word_1_269' title='bbox 71 2683 166 2736; x_wconf 86' lang='lat' dir='ltr'>nibusque</span> <span class='ocrx_word' id='word_1_270' title='bbox 180 2686 275 2732; x_wconf 84' lang='lat' dir='ltr'>fratribus,</span> <span class='ocrx_word' id='word_1_271' title='bbox 292 2687 323 2736; x_wconf 82' lang='lat' dir='ltr'>qui</span> <span class='ocrx_word' id='word_1_272' title='bbox 337 2687 438 2727; x_wconf 88' lang='lat' dir='ltr'>vobiscum</span> <span class='ocrx_word' id='word_1_273' title='bbox 454 2687 497 2733; x_wconf 88' lang='lat' dir='ltr'>sint,</span> <span class='ocrx_word' id='word_1_274' title='bbox 513 2687 544 2737; x_wconf 91' lang='lat' dir='ltr'>qui</span> <span class='ocrx_word' id='word_1_275' title='bbox 560 2687 633 2738; x_wconf 80' lang='lat' dir='ltr'>augelis</span> <span class='ocrx_word' id='word_1_276' title='bbox 643 2687 804 2726; x_wconf 84' lang='lat' dir='ltr'>lueruntsimiles.</span> 
     </span>
    </p>
   </div>
   <div class='ocr_carea' id='block_1_13' title="bbox 72 2758 100 2764">
    <p class='ocr_par' dir='ltr' id='par_1_14' title="bbox 72 2758 100 2764">
     <span class='ocr_line' id='line_1_34' title="bbox 72 2758 100 2764; baseline 0.036 -2"><span class='ocrx_word' id='word_1_277' title='bbox 72 2758 100 2764; x_wconf 63' lang='grc'>--</span> 
     </span>
    </p>
   </div>
   <div class='ocr_carea' id='block_1_14' title="bbox 117 2813 271 2853">
    <p class='ocr_par' dir='ltr' id='par_1_15' title="bbox 117 2813 271 2853">
     <span class='ocr_line' id='line_1_35' title="bbox 117 2813 271 2853; baseline 0.019 -9"><span class='ocrx_word' id='word_1_278' title='bbox 117 2813 135 2853; x_wconf 83' lang='grc'>1)</span> <span class='ocrx_word' id='word_1_279' title='bbox 147 2824 177 2846; x_wconf 88' lang='lat' dir='ltr'>suo</span> <span class='ocrx_word' id='word_1_280' title='bbox 189 2815 244 2847; x_wconf 87' lang='lat' dir='ltr'>corde.</span> <span class='ocrx_word' id='word_1_281' title='bbox 268 2829 271 2832; x_wconf 50' lang='grc'>’</span> 
     </span>
    </p>
   </div>
   <div class='ocr_carea' id='block_1_15' title="bbox 0 0 890 3137">
    <p class='ocr_par' dir='ltr' id='par_1_16' title="bbox 0 0 890 3137">
     <span class='ocr_line' id='line_1_36' title="bbox 0 0 890 3137; baseline 0 0"><span class='ocrx_word' id='word_1_282' title='bbox 0 0 890 3137; x_wconf 95' lang='lat' dir='ltr'> </span> 
     </span>
    </p>
   </div>
  </div>
 </body>
</html>
