1807 3145
113 182 152 220 182
417 175 481 209 anehi
493 175 538 209 liber,

166 293 188 339 3)
202 290 227 330 El
247 290 337 343 conspexi
356 290 477 342 receptacula
495 291 581 331 fulminis
601 295 621 330 et
638 292 709 332 tonitru
723 292 743 332 in
758 296 842 332 extremo

112 361 162 405 looo,
177 358 210 398 nbi
224 357 384 409 profundissimus
400 363 445 398 erat.
469 358 497 397 lbi
511 365 552 398 erat
565 370 620 397 arous
635 360 715 408 igneus,
731 365 750 397 et
764 360 842 410 sagittae

111 426 130 467 in
144 425 243 477 pharetra,
264 423 337 478 gladius
351 424 431 476 igneus,
452 430 471 464 et
486 418 542 466 omne
556 426 651 477 fulgurum
665 438 731 475 genus.

166 504 185 552 l)
201 503 249 543 Tum
264 504 381 544 sustulerunt
394 517 424 543 me
440 503 464 543 ad
477 517 545 556 auriam
559 505 621 545 viram
635 505 762 556 garrientem,
785 510 803 545 et
817 505 841 545 ad
871 534 873 537 -

110 575 175 626 ignem
188 573 208 612 in
223 571 333 618 occidente,
355 572 386 625 qui
401 572 506 624 recipiebat
520 585 596 613 ornnem
611 584 702 612 oooasum
716 572 769 612 solis.
799 573 843 613 Per-

111 642 153 681 veni
168 640 192 680 ad
205 641 266 679 rivum
280 639 340 690 ignis,
360 640 392 690 qui
406 639 509 680 lluotuahat
523 644 583 691 aquae
597 640 668 684 instar,
688 643 707 678 et
722 651 765 680 sese
782 640 842 683 ellum-

111 708 168 747 debat
181 709 201 747 in
215 717 305 757 magnum
319 710 399 757 pontum
414 706 558 748 occidentalem.

165 785 185 832 5)
199 783 242 824 Vidi
263 796 329 823 onmes
350 783 399 822 latos
420 783 501 829 fluvios,
526 784 588 823 donee
609 784 688 835 perveni
712 783 735 822 ad
756 796 844 838 maguam

111 852 218 905 caliginem.
246 854 328 892 Aonessi
342 852 395 897 illue,
406 854 452 903 'quo
468 864 535 891 omues
550 853 636 892 oaruales
651 853 742 904 migrant,
763 858 782 893 et
796 865 842 892 oon-

110 921 163 970 spexi
184 925 259 959 montes
279 919 410 963 tenebrarum,
436 930 484 970 quae
502 919 586 959 hiemem
600 918 715 965 colliniant,
739 924 759 959 et
772 919 842 963 locum,

111 986 161 1029 unde
176 976 224 1038 aqua
239 987 305 1026 defluit
318 987 337 1025 in
353 998 429 1025 omnem
443 986 538 1036 abyssum.
565 984 567 986 ’

164 1067 187 1114 6)
203 1065 297 1118 eonspen
317 1065 373 1106 etiam
396 1076 428 1106 ora
448 1064 533 1116 omniunt
555 1064 620 1107 rtrundl
638 1063 751 1107 fluviorum,
776 1067 796 1106 et
810 1075 844 1107 ora

110 1133 205 1189 profundi.

405 1235 466 1274 GAP.
489 1233 552 1274 XVIII.

152 1327 153 1330 ’
168 1326 189 1372 1)
204 1322 253 1360 Tum
267 1320 305 1360 adli
319 1322 439 1372 receptaeula
454 1321 539 1360 emulum
552 1324 663 1365 uentorum,
686 1320 843 1363 animadvertens,

113 1392 132 1433 in
146 1390 170 1430 lis
185 1401 228 1429 esse
244 1391 354 1427 ornamenta
369 1387 427 1427 totius
443 1387 556 1432 creationis,
577 1392 596 1425 et
609 1386 731 1427 fundamenta
745 1391 812 1426 terme.

167 1459 190 1505 2)
204 1456 247 1496 Vidi
261 1456 343 1506 lapidem
359 1455 398 1507 [qui
412 1454 480 1505 portat)
497 1455 576 1506 angulos
591 1459 658 1495 terrae.

169 1525 192 1569 3)
206 1523 279 1561 Pariter
296 1522 335 1560 vidi
356 1526 436 1571 quatuor
450 1526 527 1566 ventos,
550 1521 582 1571 qui
596 1525 666 1560 tenant
685 1526 704 1561 et
718 1522 768 1560 ooeli
784 1521 845 1559 firina-

114 1595 200 1632 nrentum
214 1589 298 1627 lnlolunt.

168 1660 191 1706 4)
206 1656 279 1698 Elpidi
295 1660 368 1701 uentos,
384 1660 501 1705 occupantes
517 1655 647 1697 excelsitatem
662 1656 718 1699 coeli,

150 1769 152 1772 v
169 1726 191 1773 5)
207 1723 313 1775 Surgentes
323 1721 399 1762 rnedios
409 1722 458 1761 inter
468 1722 544 1762 eoeltun
555 1726 574 1761 el
583 1727 658 1769 terram,
674 1727 694 1763 et
706 1723 845 1766 constituentes

116 1792 166 1830 eoeli
182 1791 287 1831 eotunmas
544 1800 546 1806 ·

170 1859 192 1905 6)
207 1855 250 1896 Vidi
263 1861 341 1902 ventos,
360 1856 392 1906 qui
406 1859 468 1894 rotant
482 1855 568 1900 eoelum,
584 1857 615 1906 qui
627 1857 701 1909 laniunt
715 1856 782 1896 orbern
797 1855 846 1895 solis

114 1931 133 1965 et
146 1925 243 1966 stellarum
258 1925 371 1976 oiroumagi3
386 1929 404 1968 et
418 1936 475 1979 supra
489 1928 559 1967 terram
570 1914 611 1967 aldi
625 1930 703 1971 ventos,
724 1925 756 1981 qui
770 1928 847 1976 portant

114 1993 181 2034 nubes.

171 2063 195 2107 7)
208 2060 252 2100 Vidi
265 2062 351 2099 tramites
366 2060 483 2110 angelorum.

170 2139 193 2187 8)
209 2136 305 2188 Conspexi
317 2138 338 2176 ln
353 2142 435 2177 extrema
445 2141 496 2176 terra
505 2135 644 2178 firmamentum
655 2139 710 2184 ooeli,
727 2138 777 2191 quod
789 2149 847 2189 super

115 2220 144 2247 ea.
165 2206 223 2245 Tum
236 2205 312 2257 perrexi
325 2216 392 2246 versus
407 2203 515 2251 meridiem

171 2289 193 2333 ll)
209 2284 245 2324 Ubi
259 2283 350 2323 ardebant
363 2288 421 2339 noctu
436 2288 493 2335 atque
507 2282 597 2322 interdiu
608 2295 641 2322 sex
662 2289 738 2323 montes
752 2283 847 2334 lapidibus

115 2354 205 2403 predonis
219 2351 304 2398 formatit
327 2354 366 2394 tres
381 2361 449 2391 versus
465 2350 559 2391 orientem
574 2356 593 2391 et
606 2355 646 2391 tres
659 2362 727 2393 versus
741 2350 847 2390 meridiem.

83 2481 86 2490 Ι
159 2429 247 2478 1⁰)an
268 2440 335 2471 versus
358 2429 462 2474 orientem,
490 2427 553 2479 lapIde
579 2428 693 2468 oonstaliaut
718 2429 846 2475 versicolore3

116 2510 196 2549 quorum
211 2508 260 2536 unus
275 2502 315 2536 erat
327 2497 439 2549 margarita,
454 2496 503 2536 alter
517 2497 648 2538 antimonium
672 2495 710 2544 Qui
724 2508 792 2537 versus
807 2509 848 2537 me-

116 2565 189 2610 ridiem,
204 2561 318 2604 oonstabant
331 2562 392 2614 lapide
404 2564 468 2604 rubro.
490 2562 566 2604 Medius
581 2575 648 2603 eorum
662 2563 738 2606 eoelum
752 2563 846 2613 tangebat,

116 2631 167 2670 siout
184 2632 220 2671 Dei
239 2630 330 2675 thronus,
356 2627 487 2681 [compositus]
508 2642 531 2669 er
552 2628 656 2676 alabastro,
680 2629 735 2681 eujus
755 2640 847 2670 cacumen

116 2697 370 2751 eratsapphnerrm.1vidi
391 2698 447 2741 etiarn
469 2697 566 2740 ardentem
584 2698 659 2749 ignem,
685 2698 717 2752 qui
736 2703 776 2738 erat
790 2710 848 2754 super

116 2780 183 2810 enarres
198 2769 279 2809 montes.
