<?xml version="1.0" encoding="UTF-8"?>
<!DOCTYPE html PUBLIC "-//W3C//DTD XHTML 1.0 Transitional//EN"
    "http://www.w3.org/TR/xhtml1/DTD/xhtml1-transitional.dtd">
<html xmlns="http://www.w3.org/1999/xhtml" xml:lang="en" lang="en">
 <head>
  <title>
</title>
<meta http-equiv="Content-Type" content="text/html;charset=utf-8" />
  <meta name='ocr-system' content='tesseract 3.04.00' />
  <meta name='ocr-capabilities' content='ocr_page ocr_carea ocr_par ocr_line ocrx_word'/>
</head>
<body>
  <div class='ocr_page' id='page_1' title='image "./MN41907ucmf_4_0365.png"; bbox 0 0 1807 3145; ppageno 0'>
   <div class='ocr_carea' id='block_1_1' title="bbox 338 179 779 236">
    <p class='ocr_par' dir='ltr' id='par_1_1' title="bbox 338 179 779 236">
     <span class='ocr_line' id='line_1_1' title="bbox 338 179 779 236; baseline 0.025 -22"><span class='ocrx_word' id='word_1_1' title='bbox 338 181 363 227; x_wconf 88' lang='lat' dir='ltr'>De</span> <span class='ocrx_word' id='word_1_2' title='bbox 373 183 427 226; x_wconf 86' lang='lat' dir='ltr'>morte</span> <span class='ocrx_word' id='word_1_3' title='bbox 437 179 493 221; x_wconf 82' lang='lat' dir='ltr'>illusis.</span> <span class='ocrx_word' id='word_1_4' title='bbox 739 190 779 236; x_wconf 75' lang='lat'>333</span> 
     </span>
    </p>
   </div>
   <div class='ocr_carea' id='block_1_2' title="bbox 46 299 833 2795">
    <p class='ocr_par' dir='ltr' id='par_1_2' title="bbox 46 299 833 2795">
     <span class='ocr_line' id='line_1_2' title="bbox 46 299 780 353; baseline 0.004 -15"><span class='ocrx_word' id='word_1_5' title='bbox 46 304 103 350; x_wconf 87' lang='lat' dir='ltr'>teque</span> <span class='ocrx_word' id='word_1_6' title='bbox 117 299 214 350; x_wconf 82' lang='lat' dir='ltr'>sepeliam.</span> <span class='ocrx_word' id='word_1_7' title='bbox 243 299 301 352; x_wconf 81' lang='lat' dir='ltr'>Igitur</span> <span class='ocrx_word' id='word_1_8' title='bbox 315 299 394 346; x_wconf 86' lang='lat' dir='ltr'>Moses,</span> <span class='ocrx_word' id='word_1_9' title='bbox 412 305 433 340; x_wconf 89' lang='lat' dir='ltr'>ut</span> <span class='ocrx_word' id='word_1_10' title='bbox 447 299 564 349; x_wconf 87' lang='lat' dir='ltr'>Seraphinus</span> <span class='ocrx_word' id='word_1_11' title='bbox 584 300 655 351; x_wconf 84' lang='lat' dir='ltr'>gloriae</span> <span class='ocrx_word' id='word_1_12' title='bbox 671 300 713 351; x_wconf 85' lang='lat' dir='ltr'>jem</span> <span class='ocrx_word' id='word_1_13' title='bbox 726 313 780 353; x_wconf 86' lang='lat' dir='ltr'>para-</span> 
     </span>
     <span class='ocr_line' id='line_1_3' title="bbox 46 367 779 419; baseline 0.005 -15"><span class='ocrx_word' id='word_1_14' title='bbox 46 372 85 411; x_wconf 85' lang='lat' dir='ltr'>tus,</span> <span class='ocrx_word' id='word_1_15' title='bbox 100 367 203 406; x_wconf 87' lang='lat' dir='ltr'>Dominum</span> <span class='ocrx_word' id='word_1_16' title='bbox 216 368 240 406; x_wconf 90' lang='lat' dir='ltr'>de</span> <span class='ocrx_word' id='word_1_17' title='bbox 253 368 314 406; x_wconf 89' lang='lat' dir='ltr'>coelis</span> <span class='ocrx_word' id='word_1_18' title='bbox 329 368 479 410; x_wconf 75' lang='lat' dir='ltr'>descendentem</span> <span class='ocrx_word' id='word_1_19' title='bbox 495 367 606 418; x_wconf 80' lang='lat' dir='ltr'>expectavit,</span> <span class='ocrx_word' id='word_1_20' title='bbox 622 381 677 419; x_wconf 81' lang='lat' dir='ltr'>quem</span> <span class='ocrx_word' id='word_1_21' title='bbox 692 374 713 408; x_wconf 94' lang='lat' dir='ltr'>ut</span> <span class='ocrx_word' id='word_1_22' title='bbox 726 368 779 415; x_wconf 84' lang='lat' dir='ltr'>vidit,</span> 
     </span>
     <span class='ocr_line' id='line_1_4' title="bbox 47 434 777 488; baseline 0.003 -13"><span class='ocrx_word' id='word_1_23' title='bbox 47 434 98 475; x_wconf 87' lang='lat' dir='ltr'>lrumi</span> <span class='ocrx_word' id='word_1_24' title='bbox 109 434 189 485; x_wconf 85' lang='lat' dir='ltr'>jacens:</span> <span class='ocrx_word' id='word_1_25' title='bbox 208 438 304 480; x_wconf 75' lang='lat' dir='ltr'>Domine!</span> <span class='ocrx_word' id='word_1_26' title='bbox 323 438 343 476; x_wconf 93' lang='lat' dir='ltr'>in</span> <span class='ocrx_word' id='word_1_27' title='bbox 362 438 432 488; x_wconf 85' lang='lat' dir='ltr'>pietate</span> <span class='ocrx_word' id='word_1_28' title='bbox 454 448 476 477; x_wconf 83' lang='lat' dir='ltr'>uc</span> <span class='ocrx_word' id='word_1_29' title='bbox 490 436 622 477; x_wconf 87' lang='lat' dir='ltr'>misericordia</span> <span class='ocrx_word' id='word_1_30' title='bbox 637 438 703 478; x_wconf 87' lang='lat' dir='ltr'>orbern</span> <span class='ocrx_word' id='word_1_31' title='bbox 724 443 777 478; x_wconf 90' lang='lat' dir='ltr'>tuum</span> 
     </span>
     <span class='ocr_line' id='line_1_5' title="bbox 48 505 779 559; baseline 0.007 -16"><span class='ocrx_word' id='word_1_32' title='bbox 48 505 127 550; x_wconf 77' lang='lat' dir='ltr'>creasti,</span> <span class='ocrx_word' id='word_1_33' title='bbox 151 506 218 557; x_wconf 78' lang='lat' dir='ltr'>quibus</span> <span class='ocrx_word' id='word_1_34' title='bbox 240 510 259 546; x_wconf 92' lang='lat' dir='ltr'>et</span> <span class='ocrx_word' id='word_1_35' title='bbox 277 506 331 545; x_wconf 90' lang='lat' dir='ltr'>illurn</span> <span class='ocrx_word' id='word_1_36' title='bbox 346 506 453 557; x_wconf 88' lang='lat' dir='ltr'>gubernas,</span> <span class='ocrx_word' id='word_1_37' title='bbox 474 517 589 557; x_wconf 82' lang='lat' dir='ltr'>mecumque</span> <span class='ocrx_word' id='word_1_38' title='bbox 604 518 648 559; x_wconf 88' lang='lat' dir='ltr'>eum</span> <span class='ocrx_word' id='word_1_39' title='bbox 665 507 737 553; x_wconf 48' lang='lat' dir='ltr'>,iisdem</span> <span class='ocrx_word' id='word_1_40' title='bbox 759 512 779 548; x_wconf 86' lang='lat' dir='ltr'>ut</span> 
     </span>
     <span class='ocr_line' id='line_1_6' title="bbox 47 573 778 628; baseline 0.003 -14"><span class='ocrx_word' id='word_1_41' title='bbox 47 574 86 620; x_wconf 88' lang='lat' dir='ltr'>sis,</span> <span class='ocrx_word' id='word_1_42' title='bbox 101 575 181 625; x_wconf 84' lang='lat' dir='ltr'>supplex</span> <span class='ocrx_word' id='word_1_43' title='bbox 202 588 243 615; x_wconf 84' lang='lat' dir='ltr'>ero.</span> <span class='ocrx_word' id='word_1_44' title='bbox 267 574 379 614; x_wconf 77' lang='lat' dir='ltr'>lustitia</span> <span class='ocrx_word' id='word_1_45' title='bbox 399 579 454 626; x_wconf 83' lang='lat' dir='ltr'>tua,</span> <span class='ocrx_word' id='word_1_46' title='bbox 475 573 575 625; x_wconf 89' lang='lat' dir='ltr'>respondit</span> <span class='ocrx_word' id='word_1_47' title='bbox 592 574 698 628; x_wconf 82' lang='lat' dir='ltr'>Dominus,</span> <span class='ocrx_word' id='word_1_48' title='bbox 720 580 778 616; x_wconf 86' lang='lat' dir='ltr'>ante</span> 
     </span>
     <span class='ocr_line' id='line_1_7' title="bbox 46 640 779 693; baseline 0.004 -14"><span class='ocrx_word' id='word_1_49' title='bbox 46 640 148 680; x_wconf 87' lang='lat' dir='ltr'>faeiem</span> <span class='ocrx_word' id='word_1_50' title='bbox 170 645 240 682; x_wconf 89' lang='lat' dir='ltr'>tuam</span> <span class='ocrx_word' id='word_1_51' title='bbox 264 642 324 682; x_wconf 85' lang='lat' dir='ltr'>ibit.</span> <span class='ocrx_word' id='word_1_52' title='bbox 360 642 408 682; x_wconf 89' lang='lat' dir='ltr'>Tres</span> <span class='ocrx_word' id='word_1_53' title='bbox 427 643 509 693; x_wconf 75' lang='lat' dir='ltr'>Angeli,</span> <span class='ocrx_word' id='word_1_54' title='bbox 534 641 628 688; x_wconf 75' lang='lat' dir='ltr'>lliclraet,</span> <span class='ocrx_word' id='word_1_55' title='bbox 657 642 734 689; x_wconf 78' lang='lat' dir='ltr'>Gabri‘e&#39;l</span> <span class='ocrx_word' id='word_1_56' title='bbox 759 647 779 688; x_wconf 86' lang='lat' dir='ltr'>et</span> 
     </span>
     <span class='ocr_line' id='line_1_8' title="bbox 47 709 778 761; baseline 0 -12"><span class='ocrx_word' id='word_1_57' title='bbox 47 709 134 761; x_wconf 79' lang='lat' dir='ltr'>Zinglriel</span> <span class='ocrx_word' id='word_1_58' title='bbox 160 722 204 750; x_wconf 90' lang='lat' dir='ltr'>cum</span> <span class='ocrx_word' id='word_1_59' title='bbox 224 712 266 750; x_wconf 88' lang='lat' dir='ltr'>Dee</span> <span class='ocrx_word' id='word_1_60' title='bbox 293 709 438 750; x_wconf 90' lang='lat' dir='ltr'>descenderant.</span> <span class='ocrx_word' id='word_1_61' title='bbox 475 709 552 750; x_wconf 78' lang='lat' dir='ltr'>Gabriel</span> <span class='ocrx_word' id='word_1_62' title='bbox 577 710 668 749; x_wconf 85' lang='lat' dir='ltr'>feretrum</span> <span class='ocrx_word' id='word_1_63' title='bbox 696 711 778 755; x_wconf 86' lang='lat' dir='ltr'>curarit,</span> 
     </span>
     <span class='ocr_line' id='line_1_9' title="bbox 46 768 780 831; baseline 0 -12"><span class='ocrx_word' id='word_1_64' title='bbox 46 777 129 819; x_wconf 82' lang='lat' dir='ltr'>Michael</span> <span class='ocrx_word' id='word_1_65' title='bbox 155 768 257 831; x_wconf 80' lang='lat' dir='ltr'>purpuram</span> <span class='ocrx_word' id='word_1_66' title='bbox 284 777 383 829; x_wconf 89' lang='lat' dir='ltr'>expandit,</span> <span class='ocrx_word' id='word_1_67' title='bbox 412 778 499 829; x_wconf 86' lang='lat' dir='ltr'>Zinghiel</span> <span class='ocrx_word' id='word_1_68' title='bbox 526 781 611 823; x_wconf 83' lang='lat' dir='ltr'>restem,</span> <span class='ocrx_word' id='word_1_69' title='bbox 644 778 668 817; x_wconf 92' lang='lat' dir='ltr'>ad</span> <span class='ocrx_word' id='word_1_70' title='bbox 694 780 780 820; x_wconf 88' lang='lat' dir='ltr'>cervices</span> 
     </span>
     <span class='ocr_line' id='line_1_10' title="bbox 48 846 833 903; baseline -0.001 -18"><span class='ocrx_word' id='word_1_71' title='bbox 48 850 67 885; x_wconf 90' lang='lat' dir='ltr'>et</span> <span class='ocrx_word' id='word_1_72' title='bbox 88 846 112 884; x_wconf 90' lang='lat' dir='ltr'>ad</span> <span class='ocrx_word' id='word_1_73' title='bbox 133 846 194 903; x_wconf 85' lang='lat' dir='ltr'>pedes</span> <span class='ocrx_word' id='word_1_74' title='bbox 213 847 296 887; x_wconf 86' lang='lat' dir='ltr'>Michael</span> <span class='ocrx_word' id='word_1_75' title='bbox 316 848 339 886; x_wconf 86' lang='lat' dir='ltr'>ab</span> <span class='ocrx_word' id='word_1_76' title='bbox 359 859 408 893; x_wconf 86' lang='lat' dir='ltr'>una,</span> <span class='ocrx_word' id='word_1_77' title='bbox 430 846 506 886; x_wconf 87' lang='lat' dir='ltr'>Gabriel</span> <span class='ocrx_word' id='word_1_78' title='bbox 521 846 550 893; x_wconf 42' lang='lat' dir='ltr'>,ab</span> <span class='ocrx_word' id='word_1_79' title='bbox 570 846 630 885; x_wconf 83' lang='lat' dir='ltr'>altera</span> <span class='ocrx_word' id='word_1_80' title='bbox 643 849 698 896; x_wconf 87' lang='lat' dir='ltr'>parte</span> <span class='ocrx_word' id='word_1_81' title='bbox 713 847 780 887; x_wconf 87' lang='lat' dir='ltr'>stabat.</span> <span class='ocrx_word' id='word_1_82' title='bbox 830 878 833 884; x_wconf 74' lang='grc'>,</span> 
     </span>
     <span class='ocr_line' id='line_1_11' title="bbox 47 912 779 966; baseline 0.003 -15"><span class='ocrx_word' id='word_1_83' title='bbox 47 912 96 952; x_wconf 90' lang='lat' dir='ltr'>Tum</span> <span class='ocrx_word' id='word_1_84' title='bbox 116 914 169 953; x_wconf 89' lang='lat' dir='ltr'>Deus</span> <span class='ocrx_word' id='word_1_85' title='bbox 187 913 257 954; x_wconf 83' lang='lat' dir='ltr'>Mosen</span> <span class='ocrx_word' id='word_1_86' title='bbox 279 915 343 954; x_wconf 88' lang='lat' dir='ltr'>ambas</span> <span class='ocrx_word' id='word_1_87' title='bbox 362 916 437 966; x_wconf 77' lang='lat' dir='ltr'>pectori</span> <span class='ocrx_word' id='word_1_88' title='bbox 456 925 523 954; x_wconf 74' lang='lat' dir='ltr'>ananus</span> <span class='ocrx_word' id='word_1_89' title='bbox 544 914 653 964; x_wconf 86' lang='lat' dir='ltr'>imponere,</span> <span class='ocrx_word' id='word_1_90' title='bbox 674 925 696 953; x_wconf 88' lang='lat' dir='ltr'>ac</span> <span class='ocrx_word' id='word_1_91' title='bbox 712 914 779 953; x_wconf 86' lang='lat' dir='ltr'>oculos</span> 
     </span>
     <span class='ocr_line' id='line_1_12' title="bbox 48 981 780 1036; baseline 0.005 -16"><span class='ocrx_word' id='word_1_92' title='bbox 48 981 137 1021; x_wconf 84' lang='lat' dir='ltr'>claudere</span> <span class='ocrx_word' id='word_1_93' title='bbox 154 982 224 1032; x_wconf 81' lang='lat' dir='ltr'>jussit,</span> <span class='ocrx_word' id='word_1_94' title='bbox 247 984 298 1035; x_wconf 89' lang='lat' dir='ltr'>quod</span> <span class='ocrx_word' id='word_1_95' title='bbox 312 984 345 1023; x_wconf 91' lang='lat' dir='ltr'>ubi</span> <span class='ocrx_word' id='word_1_96' title='bbox 360 988 463 1036; x_wconf 83' lang='lat' dir='ltr'>exequutus</span> <span class='ocrx_word' id='word_1_97' title='bbox 479 988 518 1029; x_wconf 92' lang='lat' dir='ltr'>est,</span> <span class='ocrx_word' id='word_1_98' title='bbox 539 981 580 1033; x_wconf 86' lang='lat' dir='ltr'>ejus</span> <span class='ocrx_word' id='word_1_99' title='bbox 602 984 684 1023; x_wconf 86' lang='lat' dir='ltr'>animam</span> <span class='ocrx_word' id='word_1_100' title='bbox 699 984 727 1022; x_wconf 85' lang='lat' dir='ltr'>sic</span> <span class='ocrx_word' id='word_1_101' title='bbox 746 998 780 1025; x_wconf 85' lang='lat' dir='ltr'>vo-</span> 
     </span>
     <span class='ocr_line' id='line_1_13' title="bbox 49 1051 779 1102; baseline 0.001 -12"><span class='ocrx_word' id='word_1_102' title='bbox 49 1052 109 1092; x_wconf 85' lang='lat' dir='ltr'>cavit:</span> <span class='ocrx_word' id='word_1_103' title='bbox 123 1051 176 1097; x_wconf 86' lang='lat' dir='ltr'>Filia,</span> <span class='ocrx_word' id='word_1_104' title='bbox 192 1056 269 1091; x_wconf 89' lang='lat' dir='ltr'>centum</span> <span class='ocrx_word' id='word_1_105' title='bbox 284 1057 303 1092; x_wconf 92' lang='lat' dir='ltr'>et</span> <span class='ocrx_word' id='word_1_106' title='bbox 317 1053 385 1092; x_wconf 87' lang='lat' dir='ltr'>decern</span> <span class='ocrx_word' id='word_1_107' title='bbox 399 1064 459 1092; x_wconf 88' lang='lat' dir='ltr'>annos</span> <span class='ocrx_word' id='word_1_108' title='bbox 473 1052 508 1091; x_wconf 90' lang='lat' dir='ltr'>tibi</span> <span class='ocrx_word' id='word_1_109' title='bbox 522 1051 619 1097; x_wconf 82' lang='lat' dir='ltr'>oarrstitui,</span> <span class='ocrx_word' id='word_1_110' title='bbox 636 1063 684 1102; x_wconf 83' lang='lat' dir='ltr'>qrros</span> <span class='ocrx_word' id='word_1_111' title='bbox 698 1053 717 1091; x_wconf 94' lang='lat' dir='ltr'>in</span> <span class='ocrx_word' id='word_1_112' title='bbox 732 1052 779 1102; x_wconf 79' lang='lat' dir='ltr'>Justi</span> 
     </span>
     <span class='ocr_line' id='line_1_14' title="bbox 49 1119 779 1171; baseline 0 -13"><span class='ocrx_word' id='word_1_113' title='bbox 49 1130 128 1169; x_wconf 88' lang='lat' dir='ltr'>corpore</span> <span class='ocrx_word' id='word_1_114' title='bbox 144 1119 257 1169; x_wconf 76' lang='lat' dir='ltr'>compleres,</span> <span class='ocrx_word' id='word_1_115' title='bbox 273 1120 365 1171; x_wconf 81' lang='lat' dir='ltr'>egredere</span> <span class='ocrx_word' id='word_1_116' title='bbox 379 1130 430 1158; x_wconf 87' lang='lat' dir='ltr'>nunc</span> <span class='ocrx_word' id='word_1_117' title='bbox 445 1120 487 1158; x_wconf 90' lang='lat' dir='ltr'>sine</span> <span class='ocrx_word' id='word_1_118' title='bbox 501 1131 560 1157; x_wconf 88' lang='lat' dir='ltr'>mora.</span> <span class='ocrx_word' id='word_1_119' title='bbox 581 1120 669 1165; x_wconf 87' lang='lat' dir='ltr'>Domine,</span> <span class='ocrx_word' id='word_1_120' title='bbox 679 1120 779 1170; x_wconf 86' lang='lat' dir='ltr'>respondit</span> 
     </span>
     <span class='ocr_line' id='line_1_15' title="bbox 47 1182 780 1238; baseline 0.003 -13"><span class='ocrx_word' id='word_1_121' title='bbox 47 1186 90 1232; x_wconf 87' lang='lat' dir='ltr'>illa,</span> <span class='ocrx_word' id='word_1_122' title='bbox 106 1186 147 1225; x_wconf 88' lang='lat' dir='ltr'>scio</span> <span class='ocrx_word' id='word_1_123' title='bbox 162 1190 181 1225; x_wconf 90' lang='lat' dir='ltr'>te</span> <span class='ocrx_word' id='word_1_124' title='bbox 196 1186 258 1225; x_wconf 89' lang='lat' dir='ltr'>Deum</span> <span class='ocrx_word' id='word_1_125' title='bbox 273 1192 292 1226; x_wconf 91' lang='lat' dir='ltr'>et</span> <span class='ocrx_word' id='word_1_126' title='bbox 306 1187 403 1238; x_wconf 85' lang='lat' dir='ltr'>spiritura,</span> <span class='ocrx_word' id='word_1_127' title='bbox 424 1187 443 1225; x_wconf 91' lang='lat' dir='ltr'>in</span> <span class='ocrx_word' id='word_1_128' title='bbox 459 1185 513 1236; x_wconf 85' lang='lat' dir='ltr'>cnjus</span> <span class='ocrx_word' id='word_1_129' title='bbox 531 1190 627 1235; x_wconf 79' lang='lat' dir='ltr'>potestate</span> <span class='ocrx_word' id='word_1_130' title='bbox 648 1192 692 1226; x_wconf 92' lang='lat' dir='ltr'>sunt</span> <span class='ocrx_word' id='word_1_131' title='bbox 713 1182 780 1227; x_wconf 81' lang='lat' dir='ltr'>onnres</span> 
     </span>
     <span class='ocr_line' id='line_1_16' title="bbox 46 1254 817 1306; baseline -0.001 -10"><span class='ocrx_word' id='word_1_132' title='bbox 46 1255 149 1297; x_wconf 82' lang='lat' dir='ltr'>viventium</span> <span class='ocrx_word' id='word_1_133' title='bbox 164 1254 246 1301; x_wconf 86' lang='lat' dir='ltr'>animae,</span> <span class='ocrx_word' id='word_1_134' title='bbox 262 1259 323 1295; x_wconf 85' lang='lat' dir='ltr'>turne</span> <span class='ocrx_word' id='word_1_135' title='bbox 334 1256 412 1302; x_wconf 82' lang='lat' dir='ltr'>creasti,</span> <span class='ocrx_word' id='word_1_136' title='bbox 427 1259 446 1295; x_wconf 91' lang='lat' dir='ltr'>tu</span> <span class='ocrx_word' id='word_1_137' title='bbox 454 1254 501 1305; x_wconf 82' lang='lat' dir='ltr'>justi</span> <span class='ocrx_word' id='word_1_138' title='bbox 510 1255 530 1294; x_wconf 89' lang='lat' dir='ltr'>in</span> <span class='ocrx_word' id='word_1_139' title='bbox 541 1266 622 1306; x_wconf 81' lang='lat' dir='ltr'>corpore</span> <span class='ocrx_word' id='word_1_140' title='bbox 633 1266 677 1295; x_wconf 90' lang='lat' dir='ltr'>esse</span> <span class='ocrx_word' id='word_1_141' title='bbox 690 1255 779 1297; x_wconf 83' lang='lat' dir='ltr'>uoluisti:</span> <span class='ocrx_word' id='word_1_142' title='bbox 814 1279 817 1282; x_wconf 91' lang='lat'><em>-</em></span> 
     </span>
     <span class='ocr_line' id='line_1_17' title="bbox 48 1323 779 1375; baseline 0.004 -13"><span class='ocrx_word' id='word_1_143' title='bbox 48 1324 143 1375; x_wconf 87' lang='lat' dir='ltr'>quodnam</span> <span class='ocrx_word' id='word_1_144' title='bbox 157 1323 205 1362; x_wconf 90' lang='lat' dir='ltr'>adeo</span> <span class='ocrx_word' id='word_1_145' title='bbox 219 1335 288 1374; x_wconf 86' lang='lat' dir='ltr'>purum</span> <span class='ocrx_word' id='word_1_146' title='bbox 304 1329 323 1363; x_wconf 90' lang='lat' dir='ltr'>et</span> <span class='ocrx_word' id='word_1_147' title='bbox 337 1324 424 1364; x_wconf 79' lang='lat' dir='ltr'>Mosaios</span> <span class='ocrx_word' id='word_1_148' title='bbox 440 1324 502 1363; x_wconf 90' lang='lat' dir='ltr'>simile</span> <span class='ocrx_word' id='word_1_149' title='bbox 517 1323 597 1373; x_wconf 88' lang='lat' dir='ltr'>reperiri</span> <span class='ocrx_word' id='word_1_150' title='bbox 611 1328 685 1373; x_wconf 86' lang='lat' dir='ltr'>potest,</span> <span class='ocrx_word' id='word_1_151' title='bbox 700 1336 779 1365; x_wconf 86' lang='lat' dir='ltr'>muscae</span> 
     </span>
     <span class='ocr_line' id='line_1_18' title="bbox 48 1390 781 1441; baseline 0.004 -12"><span class='ocrx_word' id='word_1_152' title='bbox 48 1403 104 1440; x_wconf 88' lang='lat' dir='ltr'>snpra</span> <span class='ocrx_word' id='word_1_153' title='bbox 117 1390 164 1429; x_wconf 88' lang='lat' dir='ltr'>illud</span> <span class='ocrx_word' id='word_1_154' title='bbox 178 1403 274 1440; x_wconf 84' lang='lat' dir='ltr'>nunquam</span> <span class='ocrx_word' id='word_1_155' title='bbox 287 1392 349 1436; x_wconf 89' lang='lat' dir='ltr'>visae,</span> <span class='ocrx_word' id='word_1_156' title='bbox 369 1404 405 1430; x_wconf 93' lang='lat' dir='ltr'>nec</span> <span class='ocrx_word' id='word_1_157' title='bbox 421 1391 506 1441; x_wconf 86' lang='lat' dir='ltr'>angustis</span> <span class='ocrx_word' id='word_1_158' title='bbox 521 1394 580 1441; x_wconf 86' lang='lat' dir='ltr'>atqrrc</span> <span class='ocrx_word' id='word_1_159' title='bbox 594 1390 720 1431; x_wconf 91' lang='lat' dir='ltr'>illiberalibus</span> <span class='ocrx_word' id='word_1_160' title='bbox 736 1405 781 1432; x_wconf 88' lang='lat' dir='ltr'>ccu-</span> 
     </span>
     <span class='ocr_line' id='line_1_19' title="bbox 47 1456 783 1510; baseline 0.001 -13"><span class='ocrx_word' id='word_1_161' title='bbox 47 1458 71 1498; x_wconf 90' lang='lat' dir='ltr'>lis</span> <span class='ocrx_word' id='word_1_162' title='bbox 86 1457 126 1503; x_wconf 83' lang='lat' dir='ltr'>luit,</span> <span class='ocrx_word' id='word_1_163' title='bbox 142 1458 205 1510; x_wconf 87' lang='lat' dir='ltr'>itaque</span> <span class='ocrx_word' id='word_1_164' title='bbox 225 1458 244 1497; x_wconf 95' lang='lat' dir='ltr'>in</span> <span class='ocrx_word' id='word_1_165' title='bbox 264 1469 288 1497; x_wconf 90' lang='lat' dir='ltr'>eo</span> <span class='ocrx_word' id='word_1_166' title='bbox 304 1463 407 1509; x_wconf 82' lang='lat' dir='ltr'>superesse</span> <span class='ocrx_word' id='word_1_167' title='bbox 426 1456 506 1509; x_wconf 88' lang='lat' dir='ltr'>gaudeo.</span> <span class='ocrx_word' id='word_1_168' title='bbox 535 1456 570 1496; x_wconf 88' lang='lat' dir='ltr'>De.</span> <span class='ocrx_word' id='word_1_169' title='bbox 599 1457 656 1505; x_wconf 85' lang='lat' dir='ltr'>Filia,</span> <span class='ocrx_word' id='word_1_170' title='bbox 675 1457 722 1496; x_wconf 93' lang='lat' dir='ltr'>nihil</span> <span class='ocrx_word' id='word_1_171' title='bbox 742 1472 783 1498; x_wconf 89' lang='lat' dir='ltr'>rno-</span> 
     </span>
     <span class='ocr_line' id='line_1_20' title="bbox 48 1524 783 1576; baseline 0.001 -12"><span class='ocrx_word' id='word_1_172' title='bbox 48 1537 96 1570; x_wconf 86' lang='lat' dir='ltr'>rare,</span> <span class='ocrx_word' id='word_1_173' title='bbox 113 1538 149 1576; x_wconf 89' lang='lat' dir='ltr'>ego</span> <span class='ocrx_word' id='word_1_174' title='bbox 163 1529 182 1565; x_wconf 91' lang='lat' dir='ltr'>te</span> <span class='ocrx_word' id='word_1_175' title='bbox 197 1526 216 1564; x_wconf 93' lang='lat' dir='ltr'>in</span> <span class='ocrx_word' id='word_1_176' title='bbox 231 1525 301 1564; x_wconf 88' lang='lat' dir='ltr'>throno</span> <span class='ocrx_word' id='word_1_177' title='bbox 316 1525 388 1576; x_wconf 86' lang='lat' dir='ltr'>gloriae</span> <span class='ocrx_word' id='word_1_178' title='bbox 402 1536 457 1564; x_wconf 87' lang='lat' dir='ltr'>meae</span> <span class='ocrx_word' id='word_1_179' title='bbox 471 1525 576 1575; x_wconf 86' lang='lat' dir='ltr'>proximam</span> <span class='ocrx_word' id='word_1_180' title='bbox 587 1524 705 1574; x_wconf 87' lang='lat' dir='ltr'>Seraphinis,</span> <span class='ocrx_word' id='word_1_181' title='bbox 721 1526 783 1576; x_wconf 85' lang='lat' dir='ltr'>Opha-</span> 
     </span>
     <span class='ocr_line' id='line_1_21' title="bbox 47 1587 783 1644; baseline 0 -13"><span class='ocrx_word' id='word_1_182' title='bbox 47 1592 103 1638; x_wconf 91' lang='lat' dir='ltr'>ninis,</span> <span class='ocrx_word' id='word_1_183' title='bbox 118 1593 197 1644; x_wconf 83' lang='lat' dir='ltr'>Angelis</span> <span class='ocrx_word' id='word_1_184' title='bbox 212 1605 234 1632; x_wconf 86' lang='lat' dir='ltr'>ac</span> <span class='ocrx_word' id='word_1_185' title='bbox 251 1591 364 1632; x_wconf 76' lang='lat' dir='ltr'>cherubinis</span> <span class='ocrx_word' id='word_1_186' title='bbox 380 1590 486 1630; x_wconf 84' lang='lat' dir='ltr'>collocabo.</span> <span class='ocrx_word' id='word_1_187' title='bbox 512 1588 601 1634; x_wconf 87' lang='lat' dir='ltr'>Domine,</span> <span class='ocrx_word' id='word_1_188' title='bbox 616 1587 695 1635; x_wconf 86' lang='lat' dir='ltr'>altilia,</span> <span class='ocrx_word' id='word_1_189' title='bbox 710 1588 783 1631; x_wconf 93' lang='lat' dir='ltr'>bonum</span> 
     </span>
     <span class='ocr_line' id='line_1_22' title="bbox 51 1656 784 1708; baseline -0.005 -9"><span class='ocrx_word' id='word_1_190' title='bbox 51 1666 81 1699; x_wconf 87' lang='lat' dir='ltr'>est</span> <span class='ocrx_word' id='word_1_191' title='bbox 94 1672 126 1698; x_wconf 92' lang='lat' dir='ltr'>me</span> <span class='ocrx_word' id='word_1_192' title='bbox 140 1660 172 1698; x_wconf 85' lang='lat' dir='ltr'>hic</span> <span class='ocrx_word' id='word_1_193' title='bbox 188 1672 239 1698; x_wconf 86' lang='lat' dir='ltr'>esse.</span> <span class='ocrx_word' id='word_1_194' title='bbox 268 1660 308 1698; x_wconf 80' lang='lat' dir='ltr'>Ana</span> <span class='ocrx_word' id='word_1_195' title='bbox 323 1663 343 1697; x_wconf 89' lang='lat' dir='ltr'>et</span> <span class='ocrx_word' id='word_1_196' title='bbox 356 1659 416 1697; x_wconf 79' lang='lat' dir='ltr'>Azael</span> <span class='ocrx_word' id='word_1_197' title='bbox 425 1658 494 1708; x_wconf 86' lang='lat' dir='ltr'>Angeli</span> <span class='ocrx_word' id='word_1_198' title='bbox 509 1657 564 1694; x_wconf 85' lang='lat' dir='ltr'>coeio</span> <span class='ocrx_word' id='word_1_199' title='bbox 579 1656 720 1695; x_wconf 80' lang='lat' dir='ltr'>descendentes</span> <span class='ocrx_word' id='word_1_200' title='bbox 733 1658 784 1696; x_wconf 87' lang='lat' dir='ltr'>viam</span> 
     </span>
     <span class='ocr_line' id='line_1_23' title="bbox 49 1725 782 1779; baseline -0.003 -12"><span class='ocrx_word' id='word_1_201' title='bbox 49 1740 110 1768; x_wconf 84' lang='lat' dir='ltr'>suam.</span> <span class='ocrx_word' id='word_1_202' title='bbox 119 1730 249 1779; x_wconf 87' lang='lat' dir='ltr'>corruperunt.</span> <span class='ocrx_word' id='word_1_203' title='bbox 278 1728 303 1766; x_wconf 60' lang='lat' dir='ltr'>,lt</span> <span class='ocrx_word' id='word_1_204' title='bbox 316 1726 383 1767; x_wconf 89' lang='lat' dir='ltr'>llloses</span> <span class='ocrx_word' id='word_1_205' title='bbox 398 1726 444 1765; x_wconf 88' lang='lat' dir='ltr'>licet</span> <span class='ocrx_word' id='word_1_206' title='bbox 458 1736 481 1764; x_wconf 87' lang='lat' dir='ltr'>ex</span> <span class='ocrx_word' id='word_1_207' title='bbox 496 1736 552 1764; x_wconf 90' lang='lat' dir='ltr'>carne</span> <span class='ocrx_word' id='word_1_208' title='bbox 567 1728 587 1763; x_wconf 85' lang='lat' dir='ltr'>ot</span> <span class='ocrx_word' id='word_1_209' title='bbox 600 1725 703 1775; x_wconf 89' lang='lat' dir='ltr'>sanguine,</span> <span class='ocrx_word' id='word_1_210' title='bbox 718 1729 782 1766; x_wconf 88' lang='lat' dir='ltr'>tamen</span> 
     </span>
     <span class='ocr_line' id='line_1_24' title="bbox 50 1792 782 1848; baseline -0.004 -13"><span class='ocrx_word' id='word_1_211' title='bbox 50 1809 60 1835; x_wconf 87' lang='lat' dir='ltr'>a</span> <span class='ocrx_word' id='word_1_212' title='bbox 75 1807 112 1848; x_wconf 83' lang='lat' dir='ltr'>quo</span> <span class='ocrx_word' id='word_1_213' title='bbox 127 1795 154 1835; x_wconf 90' lang='lat' dir='ltr'>illi</span> <span class='ocrx_word' id='word_1_214' title='bbox 167 1795 188 1834; x_wconf 91' lang='lat' dir='ltr'>iu</span> <span class='ocrx_word' id='word_1_215' title='bbox 201 1795 249 1834; x_wconf 93' lang='lat' dir='ltr'>rubo</span> <span class='ocrx_word' id='word_1_216' title='bbox 265 1795 372 1846; x_wconf 83' lang='lat' dir='ltr'>apparuisti,</span> <span class='ocrx_word' id='word_1_217' title='bbox 388 1794 412 1834; x_wconf 88' lang='lat' dir='ltr'>ad</span> <span class='ocrx_word' id='word_1_218' title='bbox 425 1805 505 1833; x_wconf 91' lang='lat' dir='ltr'>uxorem</span> <span class='ocrx_word' id='word_1_219' title='bbox 519 1792 582 1832; x_wconf 88' lang='lat' dir='ltr'>redire</span> <span class='ocrx_word' id='word_1_220' title='bbox 596 1792 669 1839; x_wconf 89' lang='lat' dir='ltr'>noluit,</span> <span class='ocrx_word' id='word_1_221' title='bbox 691 1793 732 1833; x_wconf 89' lang='lat' dir='ltr'>siue</span> <span class='ocrx_word' id='word_1_222' title='bbox 747 1794 782 1846; x_wconf 88' lang='lat' dir='ltr'>igi·</span> 
     </span>
     <span class='ocr_line' id='line_1_25' title="bbox 48 1860 783 1908; baseline -0.007 -2"><span class='ocrx_word' id='word_1_223' title='bbox 48 1870 79 1906; x_wconf 87' lang='lat' dir='ltr'>tur</span> <span class='ocrx_word' id='word_1_224' title='bbox 93 1878 124 1905; x_wconf 92' lang='lat' dir='ltr'>me</span> <span class='ocrx_word' id='word_1_225' title='bbox 138 1864 170 1904; x_wconf 86' lang='lat' dir='ltr'>hie</span> <span class='ocrx_word' id='word_1_226' title='bbox 186 1876 236 1904; x_wconf 94' lang='lat' dir='ltr'>esse.</span> <span class='ocrx_word' id='word_1_227' title='bbox 265 1862 315 1902; x_wconf 87' lang='lat' dir='ltr'>Tum</span> <span class='ocrx_word' id='word_1_228' title='bbox 329 1875 375 1904; x_wconf 89' lang='lat' dir='ltr'>vero</span> <span class='ocrx_word' id='word_1_229' title='bbox 390 1862 442 1902; x_wconf 91' lang='lat' dir='ltr'>Deus</span> <span class='ocrx_word' id='word_1_230' title='bbox 458 1861 496 1902; x_wconf 88' lang='lat' dir='ltr'>oris</span> <span class='ocrx_word' id='word_1_231' title='bbox 512 1860 579 1900; x_wconf 88' lang='lat' dir='ltr'>osculo</span> <span class='ocrx_word' id='word_1_232' title='bbox 599 1860 680 1901; x_wconf 88' lang='lat' dir='ltr'>animam</span> <span class='ocrx_word' id='word_1_233' title='bbox 701 1860 783 1908; x_wconf 88' lang='lat' dir='ltr'>abstulit,</span> 
     </span>
     <span class='ocr_line' id='line_1_26' title="bbox 50 1928 783 1973; baseline -0.008 0"><span class='ocrx_word' id='word_1_234' title='bbox 50 1934 100 1973; x_wconf 90' lang='lat' dir='ltr'>sicut</span> <span class='ocrx_word' id='word_1_235' title='bbox 114 1932 213 1972; x_wconf 80' lang='lat' dir='ltr'>scribitur:</span> <span class='ocrx_word' id='word_1_236' title='bbox 232 1931 262 1970; x_wconf 89' lang='lat' dir='ltr'>Et</span> <span class='ocrx_word' id='word_1_237' title='bbox 275 1935 391 1970; x_wconf 89' lang='lat' dir='ltr'>mortuus</span> <span class='ocrx_word' id='word_1_238' title='bbox 407 1933 445 1969; x_wconf 90' lang='lat' dir='ltr'>est</span> <span class='ocrx_word' id='word_1_239' title='bbox 463 1929 497 1968; x_wconf 91' lang='lat' dir='ltr'>ibi</span> <span class='ocrx_word' id='word_1_240' title='bbox 511 1928 608 1972; x_wconf 86' lang='lat' dir='ltr'>Moses,</span> <span class='ocrx_word' id='word_1_241' title='bbox 630 1939 723 1968; x_wconf 82' lang='lat' dir='ltr'>seruus</span> <span class='ocrx_word' id='word_1_242' title='bbox 738 1929 783 1967; x_wconf 90' lang='lat' dir='ltr'>Do-</span> 
     </span>
     <span class='ocr_line' id='line_1_27' title="bbox 49 1995 784 2053; baseline -0.01 -12"><span class='ocrx_word' id='word_1_243' title='bbox 49 2001 109 2041; x_wconf 88' lang='lat' dir='ltr'>mini</span> <span class='ocrx_word' id='word_1_244' title='bbox 131 2011 209 2053; x_wconf 90' lang='lat' dir='ltr'>super</span> <span class='ocrx_word' id='word_1_245' title='bbox 231 2010 257 2039; x_wconf 93' lang='lat' dir='ltr'>os</span> <span class='ocrx_word' id='word_1_246' title='bbox 272 1998 378 2037; x_wconf 91' lang='lat' dir='ltr'>Domini.</span> <span class='ocrx_word' id='word_1_247' title='bbox 407 1997 476 2048; x_wconf 88' lang='lat' dir='ltr'>Ingens</span> <span class='ocrx_word' id='word_1_248' title='bbox 497 1995 564 2034; x_wconf 84' lang='lat' dir='ltr'>exinde</span> <span class='ocrx_word' id='word_1_249' title='bbox 583 1995 658 2042; x_wconf 83' lang='lat' dir='ltr'>luctus,</span> <span class='ocrx_word' id='word_1_250' title='bbox 673 2007 732 2046; x_wconf 89' lang='lat' dir='ltr'>quem</span> <span class='ocrx_word' id='word_1_251' title='bbox 746 1996 784 2047; x_wconf 90' lang='lat' dir='ltr'>pri-</span> 
     </span>
     <span class='ocr_line' id='line_1_28' title="bbox 49 2055 785 2115; baseline -0.011 -6"><span class='ocrx_word' id='word_1_252' title='bbox 49 2081 92 2109; x_wconf 89' lang='lat' dir='ltr'>mus</span> <span class='ocrx_word' id='word_1_253' title='bbox 107 2055 186 2109; x_wconf 84' lang='lat' dir='ltr'>exorsus</span> <span class='ocrx_word' id='word_1_254' title='bbox 201 2060 231 2107; x_wconf 83' lang='lat' dir='ltr'>est</span> <span class='ocrx_word' id='word_1_255' title='bbox 248 2067 348 2113; x_wconf 90' lang='lat' dir='ltr'>Dominus,</span> <span class='ocrx_word' id='word_1_256' title='bbox 365 2066 414 2106; x_wconf 83' lang='lat' dir='ltr'>sicut</span> <span class='ocrx_word' id='word_1_257' title='bbox 429 2064 506 2105; x_wconf 87' lang='lat' dir='ltr'>dicitur:</span> <span class='ocrx_word' id='word_1_258' title='bbox 526 2062 588 2110; x_wconf 84' lang='lat' dir='ltr'>Quis</span> <span class='ocrx_word' id='word_1_259' title='bbox 603 2068 695 2115; x_wconf 87' lang='lat' dir='ltr'>surget</span> <span class='ocrx_word' id='word_1_260' title='bbox 709 2062 785 2102; x_wconf 83' lang='lat' dir='ltr'>milri?</span> 
     </span>
     <span class='ocr_line' id='line_1_29' title="bbox 50 2130 788 2189; baseline -0.008 -12"><span class='ocrx_word' id='word_1_261' title='bbox 50 2141 70 2177; x_wconf 90' lang='lat' dir='ltr'>et</span> <span class='ocrx_word' id='word_1_262' title='bbox 88 2136 156 2188; x_wconf 84' lang='lat' dir='ltr'>Angeli</span> <span class='ocrx_word' id='word_1_263' title='bbox 174 2134 242 2175; x_wconf 89' lang='lat' dir='ltr'>flentes</span> <span class='ocrx_word' id='word_1_264' title='bbox 266 2133 362 2174; x_wconf 89' lang='lat' dir='ltr'>dixerunt:</span> <span class='ocrx_word' id='word_1_265' title='bbox 382 2132 490 2173; x_wconf 83' lang='lat' dir='ltr'>Ubinam</span> <span class='ocrx_word' id='word_1_266' title='bbox 515 2130 645 2182; x_wconf 85' lang='lat' dir='ltr'>sapientia</span> <span class='ocrx_word' id='word_1_267' title='bbox 666 2131 788 2189; x_wconf 51' lang='lat' dir='ltr'>invenie(</span> 
     </span>
     <span class='ocr_line' id='line_1_30' title="bbox 50 2193 785 2255; baseline -0.01 -10"><span class='ocrx_word' id='word_1_268' title='bbox 50 2203 106 2245; x_wconf 81' lang='lat' dir='ltr'>tur‘?</span> <span class='ocrx_word' id='word_1_269' title='bbox 141 2204 193 2245; x_wconf 86' lang='lat' dir='ltr'>Gaeli</span> <span class='ocrx_word' id='word_1_270' title='bbox 219 2213 295 2255; x_wconf 83' lang='lat' dir='ltr'>quoque</span> <span class='ocrx_word' id='word_1_271' title='bbox 321 2202 436 2241; x_wconf 77' lang='lat' dir='ltr'>clamarunt:</span> <span class='ocrx_word' id='word_1_272' title='bbox 467 2200 527 2239; x_wconf 87' lang='lat' dir='ltr'>Pius</span> <span class='ocrx_word' id='word_1_273' title='bbox 552 2198 580 2237; x_wconf 92' lang='lat' dir='ltr'>de</span> <span class='ocrx_word' id='word_1_274' title='bbox 606 2201 676 2237; x_wconf 87' lang='lat' dir='ltr'>terra</span> <span class='ocrx_word' id='word_1_275' title='bbox 700 2193 785 2249; x_wconf 84' lang='lat' dir='ltr'>periit.</span> 
     </span>
     <span class='ocr_line' id='line_1_31' title="bbox 51 2258 784 2315; baseline -0.011 -2"><span class='ocrx_word' id='word_1_276' title='bbox 51 2273 110 2315; x_wconf 90' lang='lat' dir='ltr'>Terra</span> <span class='ocrx_word' id='word_1_277' title='bbox 129 2285 187 2313; x_wconf 89' lang='lat' dir='ltr'>vexo:</span> <span class='ocrx_word' id='word_1_278' title='bbox 211 2271 314 2311; x_wconf 86' lang='lat' dir='ltr'>Rectum</span> <span class='ocrx_word' id='word_1_279' title='bbox 331 2258 360 2309; x_wconf 74' lang='lat' dir='ltr'>viu</span> <span class='ocrx_word' id='word_1_280' title='bbox 383 2268 483 2308; x_wconf 87' lang='lat' dir='ltr'>homine</span> <span class='ocrx_word' id='word_1_281' title='bbox 506 2277 556 2305; x_wconf 90' lang='lat' dir='ltr'>non</span> <span class='ocrx_word' id='word_1_282' title='bbox 583 2270 631 2304; x_wconf 83' lang='lat' dir='ltr'>est.</span> <span class='ocrx_word' id='word_1_283' title='bbox 666 2265 738 2304; x_wconf 86' lang='lat' dir='ltr'>Stellae</span> <span class='ocrx_word' id='word_1_284' title='bbox 762 2278 784 2305; x_wconf 85' lang='lat' dir='ltr'>ac</span> 
     </span>
     <span class='ocr_line' id='line_1_32' title="bbox 50 2331 786 2387; baseline -0.011 -6"><span class='ocrx_word' id='word_1_285' title='bbox 50 2341 151 2387; x_wconf 83' lang='lat' dir='ltr'>Planetae,</span> <span class='ocrx_word' id='word_1_286' title='bbox 173 2338 208 2378; x_wconf 89' lang='lat' dir='ltr'>Sol</span> <span class='ocrx_word' id='word_1_287' title='bbox 229 2342 248 2377; x_wconf 89' lang='lat' dir='ltr'>et</span> <span class='ocrx_word' id='word_1_288' title='bbox 261 2338 314 2377; x_wconf 83' lang='lat' dir='ltr'>Luna</span> <span class='ocrx_word' id='word_1_289' title='bbox 337 2347 380 2375; x_wconf 91' lang='lat' dir='ltr'>cum</span> <span class='ocrx_word' id='word_1_290' title='bbox 403 2335 473 2386; x_wconf 85' lang='lat' dir='ltr'>Spiritu</span> <span class='ocrx_word' id='word_1_291' title='bbox 494 2333 565 2373; x_wconf 79' lang='lat' dir='ltr'>Sancto</span> <span class='ocrx_word' id='word_1_292' title='bbox 587 2331 711 2371; x_wconf 88' lang='lat' dir='ltr'>addiderunt:</span> <span class='ocrx_word' id='word_1_293' title='bbox 732 2332 786 2373; x_wconf 88' lang='lat' dir='ltr'>Non</span> 
     </span>
     <span class='ocr_line' id='line_1_33' title="bbox 51 2399 786 2453; baseline -0.008 -6"><span class='ocrx_word' id='word_1_294' title='bbox 51 2407 173 2447; x_wconf 88' lang='lat' dir='ltr'>surrexit</span> <span class='ocrx_word' id='word_1_295' title='bbox 198 2405 278 2443; x_wconf 83' lang='lat' dir='ltr'>adhue</span> <span class='ocrx_word' id='word_1_296' title='bbox 302 2405 426 2453; x_wconf 87' lang='lat' dir='ltr'>Propheta</span> <span class='ocrx_word' id='word_1_297' title='bbox 450 2404 476 2439; x_wconf 94' lang='lat' dir='ltr'>in</span> <span class='ocrx_word' id='word_1_298' title='bbox 497 2399 581 2439; x_wconf 79' lang='lat' dir='ltr'>lsrael</span> <span class='ocrx_word' id='word_1_299' title='bbox 604 2400 671 2438; x_wconf 89' lang='lat' dir='ltr'>sicut</span> <span class='ocrx_word' id='word_1_300' title='bbox 692 2400 786 2441; x_wconf 85' lang='lat' dir='ltr'>Mases.</span> 
     </span>
     <span class='ocr_line' id='line_1_34' title="bbox 51 2458 787 2524; baseline -0.012 -11"><span class='ocrx_word' id='word_1_301' title='bbox 51 2474 114 2515; x_wconf 83' lang='lat' dir='ltr'>losue&#39;</span> <span class='ocrx_word' id='word_1_302' title='bbox 134 2477 230 2513; x_wconf 88' lang='lat' dir='ltr'>mortuum</span> <span class='ocrx_word' id='word_1_303' title='bbox 262 2470 368 2524; x_wconf 80' lang='lat' dir='ltr'>quaesiuit,</span> <span class='ocrx_word' id='word_1_304' title='bbox 392 2479 428 2508; x_wconf 85' lang='lat' dir='ltr'>uec</span> <span class='ocrx_word' id='word_1_305' title='bbox 455 2468 538 2512; x_wconf 83' lang='lat' dir='ltr'>iuvenit3</span> <span class='ocrx_word' id='word_1_306' title='bbox 556 2458 664 2506; x_wconf 64' lang='lat' dir='ltr'>&#39;Mesenen</span> <span class='ocrx_word' id='word_1_307' title='bbox 687 2480 734 2510; x_wconf 83' lang='lat' dir='ltr'>vern</span> <span class='ocrx_word' id='word_1_308' title='bbox 758 2470 787 2509; x_wconf 79' lang='lat' dir='ltr'>sic</span> 
     </span>
     <span class='ocr_line' id='line_1_35' title="bbox 51 2533 787 2593; baseline -0.01 -9"><span class='ocrx_word' id='word_1_309' title='bbox 51 2544 114 2584; x_wconf 89' lang='lat' dir='ltr'>Deum</span> <span class='ocrx_word' id='word_1_310' title='bbox 135 2533 243 2593; x_wconf 86' lang='lat' dir='ltr'>alloquutus</span> <span class='ocrx_word' id='word_1_311' title='bbox 265 2542 304 2578; x_wconf 86' lang='lat' dir='ltr'>est:</span> <span class='ocrx_word' id='word_1_312' title='bbox 328 2537 422 2583; x_wconf 89' lang='lat' dir='ltr'>Domine,</span> <span class='ocrx_word' id='word_1_313' title='bbox 447 2534 514 2576; x_wconf 85' lang='lat' dir='ltr'>Muses</span> <span class='ocrx_word' id='word_1_314' title='bbox 538 2534 558 2574; x_wconf 88' lang='lat' dir='ltr'>in</span> <span class='ocrx_word' id='word_1_315' title='bbox 578 2534 616 2575; x_wconf 85' lang='lat' dir='ltr'>vita</span> <span class='ocrx_word' id='word_1_316' title='bbox 636 2539 680 2575; x_wconf 87' lang='lat' dir='ltr'>tuus</span> <span class='ocrx_word' id='word_1_317' title='bbox 698 2536 745 2583; x_wconf 83' lang='lat' dir='ltr'>luit,</span> <span class='ocrx_word' id='word_1_318' title='bbox 766 2537 787 2577; x_wconf 89' lang='grc'>111</span> 
     </span>
     <span class='ocr_line' id='line_1_36' title="bbox 52 2601 787 2664; baseline -0.01 -11"><span class='ocrx_word' id='word_1_319' title='bbox 52 2616 114 2653; x_wconf 90' lang='lat' dir='ltr'>morte</span> <span class='ocrx_word' id='word_1_320' title='bbox 130 2621 205 2664; x_wconf 84' lang='lat' dir='ltr'>quoque</span> <span class='ocrx_word' id='word_1_321' title='bbox 220 2612 264 2648; x_wconf 89' lang='lat' dir='ltr'>tuus</span> <span class='ocrx_word' id='word_1_322' title='bbox 280 2606 321 2648; x_wconf 80' lang='lat' dir='ltr'>erit.</span> <span class='ocrx_word' id='word_1_323' title='bbox 349 2606 400 2658; x_wconf 87' lang='lat' dir='ltr'>Ego,</span> <span class='ocrx_word' id='word_1_324' title='bbox 421 2601 521 2655; x_wconf 87' lang='lat' dir='ltr'>respondit</span> <span class='ocrx_word' id='word_1_325' title='bbox 534 2602 600 2650; x_wconf 85' lang='lat' dir='ltr'>Deus,</span> <span class='ocrx_word' id='word_1_326' title='bbox 620 2615 659 2643; x_wconf 90' lang='lat' dir='ltr'>non</span> <span class='ocrx_word' id='word_1_327' title='bbox 681 2604 742 2646; x_wconf 86' lang='lat' dir='ltr'>solum</span> <span class='ocrx_word' id='word_1_328' title='bbox 763 2606 787 2646; x_wconf 88' lang='lat' dir='ltr'>eb</span> 
     </span>
     <span class='ocr_line' id='line_1_37' title="bbox 52 2673 787 2733; baseline -0.005 -14"><span class='ocrx_word' id='word_1_329' title='bbox 52 2680 131 2724; x_wconf 84' lang='lat' dir='ltr'>Mosen,</span> <span class='ocrx_word' id='word_1_330' title='bbox 154 2679 189 2718; x_wconf 86' lang='lat' dir='ltr'>sed</span> <span class='ocrx_word' id='word_1_331' title='bbox 209 2677 266 2716; x_wconf 86' lang='lat' dir='ltr'>etiam</span> <span class='ocrx_word' id='word_1_332' title='bbox 285 2679 364 2733; x_wconf 84' lang='lat' dir='ltr'>propter</span> <span class='ocrx_word' id='word_1_333' title='bbox 377 2675 437 2714; x_wconf 76' lang='lat' dir='ltr'>lsrail</span> <span class='ocrx_word' id='word_1_334' title='bbox 452 2673 521 2720; x_wconf 87' lang='lat' dir='ltr'>doleo,</span> <span class='ocrx_word' id='word_1_335' title='bbox 539 2674 567 2712; x_wconf 93' lang='lat' dir='ltr'>illi</span> <span class='ocrx_word' id='word_1_336' title='bbox 585 2686 617 2713; x_wconf 91' lang='lat' dir='ltr'>me</span> <span class='ocrx_word' id='word_1_337' title='bbox 637 2674 713 2724; x_wconf 90' lang='lat' dir='ltr'>saepius</span> <span class='ocrx_word' id='word_1_338' title='bbox 727 2675 787 2715; x_wconf 85' lang='lat' dir='ltr'>irrita-</span> 
     </span>
     <span class='ocr_line' id='line_1_38' title="bbox 53 2740 787 2795; baseline -0.007 -11"><span class='ocrx_word' id='word_1_339' title='bbox 53 2750 108 2794; x_wconf 93' lang='lat' dir='ltr'>runt,</span> <span class='ocrx_word' id='word_1_340' title='bbox 123 2746 160 2786; x_wconf 83' lang='lat' dir='ltr'>iste</span> <span class='ocrx_word' id='word_1_341' title='bbox 174 2756 205 2786; x_wconf 92' lang='lat' dir='ltr'>me</span> <span class='ocrx_word' id='word_1_342' title='bbox 219 2742 319 2795; x_wconf 87' lang='lat' dir='ltr'>placabat,</span> <span class='ocrx_word' id='word_1_343' title='bbox 340 2742 390 2783; x_wconf 86' lang='lat' dir='ltr'>sicut</span> <span class='ocrx_word' id='word_1_344' title='bbox 404 2742 496 2794; x_wconf 89' lang='lat' dir='ltr'>scriptum</span> <span class='ocrx_word' id='word_1_345' title='bbox 517 2745 559 2781; x_wconf 89' lang='lat' dir='ltr'>est:</span> <span class='ocrx_word' id='word_1_346' title='bbox 579 2740 590 2779; x_wconf 85' lang='lat' dir='ltr'>J</span> <span class='ocrx_word' id='word_1_347' title='bbox 596 2741 709 2782; x_wconf 84' lang='lat' dir='ltr'>ustitiam</span> <span class='ocrx_word' id='word_1_348' title='bbox 725 2742 787 2780; x_wconf 86' lang='lat' dir='ltr'>feeit</span> 
     </span>
    </p>
   </div>
   <div class='ocr_carea' id='block_1_3' title="bbox 0 0 917 3145">
    <p class='ocr_par' dir='ltr' id='par_1_3' title="bbox 0 0 917 3145">
     <span class='ocr_line' id='line_1_39' title="bbox 0 0 917 3145; baseline 0 0"><span class='ocrx_word' id='word_1_349' title='bbox 0 0 917 3145; x_wconf 95' lang='lat' dir='ltr'> </span> 
     </span>
    </p>
   </div>
  </div>
 </body>
</html>
