1807 3145
124 244 165 282 328
409 231 436 273 De*
446 242 497 273 morte
509 237 564 274 llosis.

115 359 163 406 ‘qne
177 356 324 394 tantnm‘horas
344 356 393 396 ritae
414 368 516 405 superesse
538 356 635 395 nuntiavit.
664 355 732 395 llloses
746 356 766 394 in
780 356 855 408 lachry-

125 436 166 463 mas
182 428 201 463 et
215 424 309 464 clamores
325 415 408 468 effusus,
424 423 448 463 de
463 422 597 475 constituendo
612 421 670 461 losua
690 421 779 473 Principe
798 424 855 469 uerba

124 492 181 537 fecit,
201 493 296 543 amboque
316 494 379 544 legem
395 492 486 531 1111111111
501 492 619 541 interpretati
634 494 678 529 sunt
691 492 856 549 perquamlsimil-

123 561 179 601 lime:
199 573 234 602 vor
254 561 328 602 diversa
344 560 431 613 quidem,
454 559 489 600 sed
508 551 536 598 uti
550 559 623 611 Regum
644 559 725 598 uniones
740 570 796 610 pares
812 571 855 600 csse

125 628 199 672 solent,
219 631 332 668 nontamen
348 638 495 681 consensusque
509 625 561 665 idem
575 626 695 676 loquentium
714 625 754 666 fnit.
783 625 856 666 Deme

123 695 216 733 intellexit
232 681 321 734 Salomo:
334 687 417 734 Verba
432 694 578 744 sapientum
593 693 664 730 sicut
678 692 765 730 aculei
780 696 856 742 super

125 774 168 802 eos
183 762 213 802 ad
228 762 358 803 sedentem
371 763 395 801 in
408 763 496 802 hortis.
520 753 603 801 Domine
617 763 658 801 Rex
672 761 748 806 mundi,
764 762 857 803 clamabat

124 831 203 877 Moses,
226 833 243 872 11
261 833 291 872 me
313 836 391 883 propter
405 831 519 882 discipulum
533 830 609 880 rejicis,
631 842 666 882 ego
685 830 736 869 illins
752 829 856 880 discipulus

125 911 164 937 ero.
194 898 224 937 Sit
243 898 276 937 ille
293 898 389 938 Sacerdos
409 910 500 949 magnus,
522 910 557 948 ego
578 899 674 948 privatus,
695 890 780 937 obtineat
799 898 856 948 Regis

123 966 198 1011 locum,
215 978 251 1017 ego
266 968 322 1006 servi.
350 968 401 1017 Ego,
416 966 516 1016 respondit
530 967 597 1011 Deus,
615 965 677 1015 jurari
697 977 768 1006 nomen
787 976 856 1011 meum,

125 1046 214 1088 magnum
228 1033 286 1080 illud,
306 1035 358 1085 quod
373 1035 422 1074 coeli
438 1035 537 1073 coelorum
557 1046 596 1073 non
616 1034 702 1085 capiunt,
722 1038 740 1072 te
755 1032 857 1073 Jordanem

124 1115 164 1141 non
178 1104 306 1142 transiturum.
335 1103 385 1141 mos.
407 1103 428 1140 Si
442 1103 544 1152 permittis,
560 1113 596 1152 ego
611 1103 631 1140 in
646 1103 723 1140 nomine
741 1105 774 1139 tuo
793 1102 858 1140 ineffa-

124 1169 158 1209 hili
177 1171 216 1211 auls
239 1167 262 1210 ad
280 1170 340 1210 instar
359 1169 437 1216 volabo,
457 1168 535 1209 brachia
554 1169 649 1219 pinnulis,
666 1167 753 1227 capillos
773 1169 858 1220 squamis

124 1239 214 1285 mutabo,
235 1240 263 1278 sic
282 1239 385 1278 Jordenenr
406 1240 487 1278 transire
509 1233 619 1277 aetenam
640 1238 710 1277 intueri
724 1236 794 1277 licebit.
823 1239 857 1277 De.

123 1306 150 1345 lta
165 1307 182 1345 si
199 1306 278 1353 leceris,
299 1319 336 1358 ego
356 1307 471 1346 sacramenti
490 1305 528 1344 mei
544 1305 645 1359 negligens
665 1305 726 1345 luero.
751 1306 800 1348 llos.
823 1301 859 1357 lgi-
889 1312 893 1317 ‘

91 1365 92 1368 ¹
125 1378 168 1418 tur,
183 1373 276 1418 Domine,
292 1384 328 1423 ego
344 1384 401 1422 supra
415 1372 477 1411 nuhes
493 1371 607 1416 ascendam,
623 1372 716 1422 staboque
730 1373 791 1411 trihus
806 1385 859 1422 para·

124 1441 189 1493 sangis
205 1441 260 1480 altior
273 1440 367 1486 Jordane,
387 1444 443 1491 alque
457 1441 484 1479 ita
497 1444 568 1479 terram
582 1429 657 1480 uidebo.
686 1441 721 1479 De.
751 1441 805 1480 Tune
818 1441 859 1491 jus-

121 1509 223 1560 jurandum
244 1521 309 1548 meum
323 1509 429 1549 violabitur.
461 1509 511 1550 1111.
526 1509 620 1554 Domine,
640 1513 704 1560 partes
720 1510 806 1561 corporis
821 1511 859 1550 mci

123 1579 144 1616 in
158 1579 217 1618 frusta
232 1578 287 1618 divisi
300 1582 353 1617 trans
367 1577 471 1617 lordanem
485 1577 557 1627 abjice,
581 1589 602 1616 ac
623 1589 654 1616 me
670 1571 746 1616 demum
765 1579 857 1618 miraculo

124 1645 173 1686 uitae
193 1646 302 1686 rest'tunnn
321 1649 391 1685 terram
410 1644 459 1684 hanc
481 1644 626 1695 calcarejuhe.
661 1646 696 1684 De.
731 1646 758 1685 lta
781 1658 857 1698 quoque

125 1713 218 1765 quidquid
230 1712 292 1763 juravi
306 1725 345 1752 non
360 1711 400 1763 fiet,
427 1712 500 1754 lllloses.
530 1712 627 1752 Saltemi
662 1714 736 1753 visione
756 1715 858 1755 11111111-

124 1793 165 1821 ram
183 1781 229 1830 johe
249 1793 280 1822 me
299 1781 375 1821 intueri.
403 1781 469 1821 Placet
486 1780 535 1828 hoc,
556 1781 581 1821 ait
595 1780 699 1828 Dominus,
721 1783 858 1834 scriptumest

125 1848 187 1886 enim:
202 1847 359 1897 Exproximc
374 1846 595 1891 terramvidehis,
610 1848 635 1885 in
650 1859 700 1900 eam
715 1845 858 1889 autemnon

123 1914 253 1953 transibis.
282 1913 340 1965 Igitur
354 1913 406 1952 Deus
421 1913 473 1954 Mosi
488 1914 585 1964 octoginta
599 1914 687 1954 milliaria
703 1916 787 1955 ostendit
801 1919 857 1957 unius

124 1982 221 2022 adinstar
236 1993 291 2022 areae
305 1981 356 2021 horti
369 1981 389 2019 in
403 1980 481 2026 medio,
501 1982 602 2032 ostillsqne
620 1983 671 2021 illius
690 1984 739 2023 hanc
758 1977 795 2025 uini
810 1986 858 2025 indi-

124 2049 161 2096 dit,
182 2055 203 2089 ut
224 2049 337 2090 abscondita
352 2050 372 2087 in
387 2050 435 2094 alto,
457 2053 476 2087 et
494 2050 568 2089 occulta
591 2051 611 2089 in
633 2047 697 2100 patulo
718 2056 737 2091 et
751 2058 824 2093 remota
838 2054 858 2092 in

123 2119 210 2168 proximo
226 2121 324 2162 cerneret,
340 2116 388 2155 adeo
404 2121 424 2155 ut
438 2120 498 2155 totam
512 2117 572 2156 unico
588 2117 699 2158 observaret
714 2119 790 2166 obtutu,
807 2120 858 2159 [linit-

124 2197 171 2239 que:
192 2186 256 2226 Haec
272 2189 310 2225 est
324 2190 400 2231 terre,
424 2196 492 2237 quam
511 2184 604 2235 juravi
623 2182 782 2226 abrahamo*
803 2186 858 2227 Tunc

124 2256 180 2295 lertio
196 2254 263 2294 eadem
279 2254 358 2292 caelitus
373 2265 409 2292 vox
423 2254 522 2298 insonuit,
542 2253 587 2304 quid
600 2259 621 2294 tu
634 2258 653 2295 te
668 2255 740 2295 vexas?
754 2257 812 2295 trium
827 2256 859 2296 ad-

123 2323 161 2363 huc
174 2324 264 2363 horarum
279 2322 361 2374 spatium
374 2322 409 2361 tibi
424 2326 518 2372 superest.
546 2322 639 2369 Domine,
655 2324 680 2363 ait
694 2324 767 2370 1111111,
783 2324 858 2375 quando

124 2393 227 2431 Jorrlanem
240 2392 321 2430 transire
340 2391 454 2441 prohibeor,
478 2391 566 2441 relinque
585 2403 617 2430 me
636 2393 656 2430 in
674 2393 724 2431 trihu
738 2392 817 2432 Reuhen
840 2397 859 2432 et

126 2460 172 2507 aaa,
186 2456 251 2501 vivere
265 2458 323 2498 modo
335 2459 402 2507 liceat,
417 2459 476 2499 Josue
491 2459 606 2511 promissam
619 2463 689 2500 terrain
702 2459 825 2513 ingredietur,
840 2464 859 2501 et

124 2529 145 2568 in
160 2541 183 2568 ee
196 2527 303 2580 principem
318 2533 365 2580 aget.
394 2529 429 2568 De.
458 2528 483 2568 lc
497 2528 513 2567 si
528 2528 566 2568 hoc
581 2529 678 2576 acciderit,
692 2530 762 2570 frustra
776 2531 859 2582 scripse-

125 2599 162 2635 ris:
178 2596 264 2636 Semel
279 2601 362 2635 autem
375 2597 401 2635 in
416 2610 479 2636 arrrro
494 2597 608 2642 videbit⁷
624 2603 660 2637 ele.
691 2599 747 2637 Certe
760 2599 858 2639 israelitae

126 2663 511 2712 11111111111111111111111111111,
533 2664 578 2717 quid
601 2664 685 2704 dicturi?
705 2665 759 2717 ipse,
775 2667 807 2717 qui
820 2667 858 2705 hoc

125 2733 181 2773 nolris
195 2738 319 2783 praeceptum
333 2732 415 2779 tradidit,
432 2733 487 2783 cujus
503 2747 513 2772 a
528 2746 585 2772 mann
598 2733 662 2786 legem
678 2728 793 2784 accepimus,
808 2735 858 2774 illius

123 2802 223 2841 incurioso
239 2813 283 2841 esse
297 2802 348 2847 licet,
363 2803 424 2841 multo
436 2803 497 2853 magis
510 2806 530 2841 et
539 2802 607 2842 nohis!
624 2802 674 2851 Quin
685 2807 704 2858 et
712 2803 764 2844 11111
776 2804 857 2857 septimo

126 2881 201 2921 queque
217 2881 267 2911 armo
282 2871 369 2911 semitam
384 2882 442 2916 esse,
458 2881 495 2922 qua
509 2872 610 2912 1111111111
624 2872 684 2912 lsrael
697 2872 766 2911 faciem
781 2871 858 2914 Domini
