1807 3145
327 208 352 242 De
363 213 416 243 nrorte
427 209 484 244 Masis.
657 214 659 218 ⁴
729 217 770 255 319

40 337 61 365 os
80 324 114 364 tibi
127 322 223 378 *loquutus
243 330 283 372 est,
301 332 408 368 necate
427 328 492 380 legem
513 327 593 380 accepit.
620 327 655 369 De.
671 328 718 369 satis
733 332 769 376 est,

41 393 156 434 obmutesce.
166 392 216 434 Mos.
226 394 309 436 Domine
323 407 391 437 omnes
405 395 461 447 plane
476 399 569 444 asserent,
584 407 615 437 me
629 395 673 437 ideo
687 401 770 438 mortem

40 461 117 508 obiisse,
132 464 176 514 quia
189 465 261 505 malum
274 466 294 505 in
308 478 340 506 me
353 467 450 508 invenisti.
464 466 499 508 De.
514 478 551 518 ego
566 465 590 506 de
602 470 622 506 te
637 466 683 506 olim
692 468 770 520 scripsi,

40 534 64 569 et
84 542 135 569 non
156 532 273 572 surrexit
292 530 429 585 Propheta
443 533 525 573 adhuc
551 533 576 572 in
595 533 680 573 lsrael
699 536 771 575 siout

39 595 133 640 illusos.
148 597 198 641 lllos.
210 598 323 646 seddicent,
338 611 369 640 mo
384 601 403 639 in
415 599 664 650 jnreututemandatistuis
675 603 770 654 obsequu-

38 672 83 713 tum‚
97 677 119 705 ea
133 665 153 706 in
169 670 269 707 senectute
283 667 398 719 neglexisse.
427 665 462 709 De.
474 668 514 719 jam
529 674 572 710 ante
587 670 655 709 mortis
669 674 712 709 tuae
727 680 771 709 can-

39 746 69 776 sas
90 736 168 787 aperui,
192 736 252 789 quia
269 747 322 776 non
337 735 540 778 sanctificastis
558 750 602 777 me.
622 737 672 779 Mos.
691 749 770 790 quaeso,

39 803 127 850 Domine,
143 804 185 843 sine
200 817 232 844 me
243 810 313 844 terram
323 804 404 855 ingredi,
419 805 440 845 in
454 799 515 856 eaque
529 810 568 847 tres
579 811 610 846 aut
620 812 700 858 quatuor
709 819 770 848 annos

39 868 115 917 morari,
131 873 232 922 antequam
246 872 321 911 moriar.
336 872 370 911 De.
386 871 484 911 decretum
498 876 534 918 est,
547 876 567 911 te
581 885 621 911 non
634 874 771 924 ingressurum.

41 938 92 979 nos,
108 939 161 990 atqui
176 939 193 978 si
208 941 250 981 rire
264 952 330 992 negas,
345 944 421 980 mortuo
435 953 474 980 iton
486 941 572 992 negabis,
587 941 677 988 obsecro,
692 940 773 994 utquid

44 1012 111 1047 contra
126 1019 158 1047 me
172 1008 221 1048 haec
235 1009 263 1047 ira
273 1007 319 1048 tua‘?
347 1008 382 1048 De.
398 1009 440 1059 quia
454 1021 493 1049 non
507 1008 642 1050 sanctificastis
656 1022 693 1049 me.
718 1010 771 1051 amos.

38 1077 129 1127 scriptum
143 1080 183 1115 est:
197 1077 260 1115 haec
275 1076 361 1114 omnia
374 1075 458 1116 iaciet
478 1081 518 1127 ter
537 1089 592 1117 oum
605 1078 672 1124 viro,
687 1081 707 1118 tu
722 1076 770 1118 adeo

38 1143 142 1184 clementer
161 1154 204 1184 cum
224 1143 265 1183 aliis
279 1146 298 1183 te
318 1142 375 1194 geris,
393 1147 415 1184 ut
428 1143 459 1182 bis
469 1148 529 1183 ⁴terre
543 1143 581 1183 illis
595 1155 675 1196 parcus,
691 1149 709 1184 at
723 1145 772 1192 mihi

37 1214 68 1254 vel
79 1214 140 1253 semel
154 1225 234 1265 parcere
248 1224 333 1253 recusas.
362 1211 397 1251 De.
417 1212 504 1258 Falleris,
521 1224 555 1253 sex
569 1214 620 1253 enim
634 1217 714 1264 peccata
726 1225 772 1264 pec-

38 1283 85 1321 casti
100 1282 200 1329 hactenus,
216 1293 264 1333 qnae
273 1280 308 1320 tibi
313 1278 401 1331 judicare
409 1292 449 1319 non
461 1279 540 1331 placuit,
552 1281 689 1331 primumcum
699 1281 771 1320 dixisti:

38 1348 170 1389 mittendo
195 1360 292 1399 quaeso
313 1349 339 1386 in
359 1359 431 1386 marcu
455 1348 555 1393 mittes,
581 1347 771 1392 secundumhabes:

37 1417 140 1457 reniam
162 1416 192 1456 ad
212 1416 375 1456 Pharaonem
396 1414 426 1454 ad
445 1414 608 1464 loquendum
628 1414 772 1453 innomine

37 1490 94 1531 tuo,
115 1485 192 1525 tertium
214 1495 258 1524 cum
276 1483 324 1523 haec
343 1482 452 1534 protulisti:
476 1494 524 1521 nou
548 1482 676 1522 Dominus
700 1481 773 1521 misit

40 1565 92 1598 me,
117 1558 204 1602 quartum
218 1551 327 1590 hocloco:
348 1550 418 1595 Etsi
443 1554 584 1589 creaturam
608 1548 710 1590 creabit
728 1550 772 1592 Dos

39 1621 131 1661 minus,
168 1618 272 1668 Quintum:
296 1615 385 1656 audite
407 1628 420 1655 o
444 1616 570 1656 rebelles,
606 1616 696 1656 Sextum:
719 1627 771 1655 sur-

39 1689 159 1729 rexistis
187 1690 249 1740 post
275 1690 368 1738 patres
394 1688 504 1726 vestros
527 1682 670 1723 multitudo
694 1684 771 1723 homi-

38 1761 294 1808 nnmpeccatorum.
324 1753 430 1801 Abraham,
454 1754 507 1793 lsaac
531 1756 551 1793 et
573 1752 633 1793 iacob
656 1758 770 1804 peccatores

38 1824 97 1863 luisse
126 1824 198 1873 putas?
234 1822 310 1873 quando
336 1821 388 1859 filios
417 1832 484 1859 eorum
507 1820 535 1858 sic
560 1820 679 1871 alloqueris?
720 1820 780 1870 Most

40 1892 123 1931 Domine
142 1895 162 1930 tu
182 1889 255 1941 primus
275 1889 300 1937 ita
314 1888 406 1939 loquutus
422 1899 456 1933 es,
480 1886 627 1926 Thuribula
647 1890 773 1939 peccatos

38 1972 91 1999 rum
112 1961 137 1999 in
160 1956 297 1998 animabus
318 1956 443 2006 ipsorum.
471 1954 506 1992 De.
522 1954 548 1993 in
563 1954 704 2001 animabus,
726 1964 771 1992 seu

38 2029 63 2066 in
83 2040 110 2065 se
124 2026 192 2076 ipsis
208 2025 252 2069 dixi,
267 2035 306 2062 nou
325 2023 350 2062 in
368 2021 500 2062 Patribus.
528 2020 579 2062 llos.
594 2020 670 2072 saepius
684 2023 771 2072 peccarit

38 2093 98 2134 lsrael
113 2106 177 2134 coram
191 2098 219 2140 te,
241 2091 330 2145 meisque
343 2088 434 2141 precibus
448 2088 523 2129 reniam
538 2088 632 2133 tribuisti,
655 2089 733 2134 seilicet,
748 2088 774 2132 ad
803 2105 805 2107 ·

38 2165 135 2215 sexaginta
148 2161 243 2215 myriadas
262 2159 352 2211 respicis
368 2158 424 2197 anxius
439 2168 484 2196 vero
499 2168 564 2195 carram
579 2169 618 2195 non
632 2154 707 2195 habes?
735 2154 770 2195 De.

38 2231 105 2272 Nescis
120 2233 232 2272 uniuersum
244 2229 338 2283 populum
353 2226 506 2266 utriushominis
522 2225 545 2265 ad
560 2226 619 2265 instar
633 2238 673 2265 non
684 2224 772 2275 judican—

39 2299 88 2346 dum,
105 2300 150 2351 quid
164 2299 234 2351 plura?
255 2299 292 2337 hue
307 2308 372 2348 usque
390 2295 424 2335 tibi
438 2299 513 2346 tempus
529 2304 645 2333 concessum
660 2298 695 2334 est.
722 2292 772 2333 Tum

38 2378 83 2407 xero
97 2367 164 2407 lllloses
184 2365 285 2417 precibus,
308 2374 330 2402 ac
345 2362 515 2412 supplicationibus
535 2372 592 2411 agere
611 2361 680 2409 coepit,
695 2361 771 2410 hocque

39 2435 131 2475 Salomon
146 2435 169 2475 de
179 2434 212 2488 illo
222 2432 326 2472 intellexit:
340 2441 439 2482 preces
453 2429 580 2480 loquetur
593 2438 657 2479 paup
665 2438 676 2467 e
683 2439 697 2468 r.
716 2427 772 2468 Pror-

40 2515 72 2544 sus
87 2503 138 2547 Mosi
154 2502 250 2555 quidpiam
266 2499 327 2540 simile
343 2497 425 2543 accidit,
448 2496 500 2548 quod
518 2496 567 2548 regii
580 2495 636 2547 pueri
651 2496 772 2547 praeceptori

39 2571 129 2611 evenisse
143 2573 224 2610 narrant.
244 2569 298 2607 Illum
318 2579 357 2607 non
372 2567 437 2605 solum
453 2577 520 2602 omnes
535 2564 605 2609 Aulioi,
620 2564 655 2602 sed
670 2564 700 2603 alii
715 2564 772 2611 etiam

39 2638 171 2686 observabant,
186 2643 232 2690 post
245 2637 334 2689 exiguum
349 2638 427 2685 tempus
441 2632 514 2684 Regius
532 2642 580 2683 puer
595 2630 650 2677 obiit,
670 2631 776 2683 statimque⁴

38 2713 158 2761 praeceptor,
174 2708 205 2748 cui
215 2718 282 2747 omrres
295 2702 391 2758 parebant,
407 2701 429 2742 ab
446 2700 536 2741 onrnibus
551 2699 650 2751 neglectus
660 2703 680 2739 et
690 2698 713 2739 ad
723 2700 775 2739 ostia

39 2776 116 2816 relictus
131 2781 166 2815 est.
181 2778 208 2815 lta
218 2776 285 2815 Moses
296 2775 341 2813 dum
356 2773 427 2818 floruit,
444 2771 519 2822 superis
533 2769 639 2820 inferisque
651 2767 702 2819 juxta
712 2769 772 2819 impe-

38 2842 96 2890 rarit,
112 2844 163 2884 sieut
177 2843 270 2896 scriptum
284 2846 324 2884 est:
348 2838 507 2886 ascendisti
530 2837 556 2876 in
575 2837 674 2882 altum,
686 2840 705 2875 et
718 2846 771 2876 mare
