1807 3145
125 195 164 234 ‘itt
426 192 489 226 Euochi
501 192 548 227 liber.

125 305 269 358 perspiciebam,
285 310 303 345 et
317 318 363 345 ecce
378 308 436 346 multa
451 308 513 348 sidera
525 309 563 348 vidi
578 309 714 350 descendentia
731 311 783 350 etde
800 317 852 354 coelo

125 373 199 410 ruentia
213 383 280 411 versus
294 373 345 411 illam
360 373 435 412 stellam
836 375 837 379 ’

181 438 200 487 5)
215 439 291 479 hledios
305 441 354 479 inter
368 441 446 486 vitulos;
470 447 488 480 et
502 444 549 482 lauri
565 441 648 481 curritis
664 447 726 487 crant,
752 444 801 483 iuter
821 457 853 486 eos

126 513 233 558 pascentes.

180 576 199 623 (i)
214 576 302 615 intuebar
317 581 336 615 et
349 576 473 618 observabam
487 577 529 623 illa;
555 582 573 617 et
592 590 639 618 ecce
659 576 747 628 pudenda
762 588 795 616 sua
810 590 853 628 pro-

127 643 227 683 trndebant
240 643 289 680 sicut
303 644 357 692 equi,
383 649 403 682 et
416 644 521 683 ascendere
541 647 646 694 coeperunt
664 655 733 685 vaccas
751 648 853 690 taurorum,

127 723 175 762 rpnae
183 721 250 749 ornrres
258 708 344 761 gravidae
354 710 414 750 iactae
423 711 533 763 elephantes
540 715 660 762 pepererunt,
669 709 779 752 camelos‘et
786 711 855 752 asinos

183 778 202 824 7)
218 776 293 824 Quibus
309 790 375 816 ornnes
394 779 442 816 tauri
457 774 613 829 perturbabantur
632 780 794 819 atterebantur
812 779 856 817 Pro-

128 848 178 886 tinus
194 845 282 885 dentibus
298 846 337 884 suis
347 843 450 885 mordere1
466 850 576 896 coeperunt,
592 858 613 886 ac
625 846 722 895 devorare,
738 851 757 887 et
767 845 856 885 cornibus

130 915 168 953 suis
183 913 245 952 ferire.
596 947 597 950 ,
612 956 613 959 Ἴ

184 983 202 1027 S)
217 980 240 1019 Et
254 980 347 1030 deglutire
363 985 466 1030 coeperunt
480 985 554 1027 tauros,
571 986 590 1020 et
605 993 651 1021 ecce
667 991 734 1020 cinnes
749 984 810 1019 terrae
825 977 857 1017 filii

129 1049 224 1100 perterriti
240 1048 414 1087 contremiscebant
428 1053 448 1088 et
461 1050 586 1100 aufugiebant.

406 1129 468 1168 GAP.
489 1127 583 1169 LXXXVI.

187 1197 203 1242 l)
217 1197 287 1234 lterum
307 1208 340 1234 eos
362 1197 463 1244 conspexi,
489 1201 507 1233 et
526 1197 595 1233 iterum
620 1209 641 1234 se
661 1198 743 1235 invicem
762 1195 818 1233 ferire
841 1199 858 1232 el

111 1279 115 1282 ·
130 1263 224 1303 devorare
241 1266 356 1311 coeperunt,
383 1265 401 1300 et
415 1265 464 1300 terra
484 1261 627 1301 vociferabatur.
646 1252 706 1300 'ann
720 1260 804 1301 secunda
819 1261 859 1299 vice

134 1327 202 1369 oculos
218 1341 273 1368 meos
289 1327 312 1367 ad
327 1327 403 1366 coelum
418 1328 495 1374 sustuli,
518 1333 536 1367 et
549 1329 568 1367 in
583 1329 656 1369 visione
671 1329 709 1368 vidi
723 1341 734 1367 e
749 1328 804 1367 coelo
817 1327 859 1377 pro-

130 1397 204 1437 dientes
226 1394 319 1447 quosdam
340 1395 426 1434 alborum
446 1396 543 1434 hominurn
564 1396 642 1435 similes.
675 1394 727 1433 Unus
746 1395 797 1433 illinc
817 1395 859 1433 exiit

131 1471 150 1504 et
164 1470 203 1504 tres
219 1476 261 1502 cnm
276 1475 305 1501 eo.

186 1530 205 1578 2)
220 1530 268 1570 Tres
282 1528 319 1575 illi,
336 1529 367 1579 qui
381 1528 441 1568 ultimi
455 1529 574 1578 prodierunt,
593 1541 650 1569 manu
664 1542 695 1570 me
710 1529 857 1579 prehenderunt,

131 1602 149 1637 et
165 1609 174 1636 a
188 1595 281 1647 progenie
295 1599 357 1635 terrae
373 1594 472 1641 sublatum,
488 1595 512 1636 ad
527 1596 624 1636 excelsum
638 1597 702 1635 locum
717 1608 747 1636 me
763 1596 860 1635 duxerunt.

185 1664 204 1711 3)
218 1664 242 1703 ut
256 1664 351 1702 excelsam
365 1663 411 1702 mihi
425 1657 445 1701 in
460 1668 510 1703 terra
523 1664 650 1704 ostendebant
662 1676 732 1710 arcem,
746 1668 767 1709 et
782 1662 861 1713 quilibet

132 1732 187 1770 collis
200 1731 326 1768 minuebatur.
354 1730 377 1768 Et
392 1730 488 1768 dixerunt:
502 1731 533 1769 hic
547 1743 608 1776 mane,
624 1726 685 1770 donec
699 1731 802 1774 intuearis,
818 1727 862 1777 quid

113 1785 115 1788 ’
134 1802 291 1848 superventurum
305 1796 330 1835 sit
343 1796 373 1834 his
388 1797 503 1845 elephantis,
520 1797 599 1835 camelis
614 1802 633 1835 et
647 1798 718 1841 asinis,
734 1794 828 1834 sideribus
843 1798 862 1832 et

133 1864 221 1904 omnibus
235 1864 305 1904 vaccis¹

408 1920 443 1959 (ih
448 1920 468 1959 Ρ.
488 1919 591 1962 cxxxvii.

164 2009 167 2011 —
190 1988 205 2036 l)
220 1987 269 2025 Tum
287 1987 379 2038 conspexi
397 1998 455 2026 unum
474 1999 496 2026 er
514 1987 551 2027 illis
567 1992 647 2039 quatuor
662 1986 778 2038 [hominibus
794 1985 857 2032 albisb

132 2058 163 2105 qui
177 2056 249 2104 primus
264 2055 366 2104 prodierat,

188 2120 207 2168 2)
223 2121 245 2161 Et
258 2121 339 2170 primam
353 2121 436 2165 stellam,
456 2133 504 2171 quae
519 2122 574 2160 coelo
590 2121 667 2172 delapsa
682 2127 731 2168 erat,
751 2119 858 2178 prehendit,

187 2189 206 2236 3)
220 2189 244 2228 ut
257 2188 338 2240 pedihus
356 2201 378 2228 ac
398 2189 484 2228 manibus
503 2190 574 2241 ligatis,
601 2191 704 2230 invallem
725 2201 767 2230 eam
782 2188 857 2238 dejecit,

131 2257 201 2297 vallem
216 2260 327 2307 angustam,
348 2255 469 2307 profundam,
490 2256 605 2296 horrendam
620 2261 638 2297 et
653 2258 760 2297 obscuram,
793 2297 794 2300 Ἴ
824 2307 826 2309 ¹

188 2325 207 2372 4)
222 2324 271 2362 Tum
285 2335 335 2362 uirus
350 2336 361 2363 e
374 2328 455 2374 quatuor
469 2323 552 2374 gladium
567 2325 646 2368 strinxit,
661 2334 743 2373 eumque
758 2323 862 2373 elephantis

133 2391 198 2435 dedit,
220 2391 297 2430 camelis
318 2395 338 2430 et
356 2391 425 2438 asinis,
449 2391 517 2443 quise
535 2391 617 2432 invicem
631 2392 687 2431 ferire
703 2395 812 2440 coeperunt.
840 2390 863 2429 Et

134 2462 172 2498 iota
188 2462 236 2497 terra
251 2463 328 2509 propter
343 2472 377 2499 eos
393 2459 512 2500 contremuit.

191 2525 211 2573 5)
224 2525 248 2563 nt
267 2526 286 2563 in
305 2526 378 2566 visione
397 2539 444 2566 ecce
463 2538 521 2565 unum
542 2539 552 2564 e
572 2531 652 2576 quatuor
672 2526 709 2564 illis
724 2525 807 2575 angelis,
831 2523 862 2573 qui

132 2590 247 2643 prodierant,
262 2589 300 2629 vidi
315 2590 339 2629 de
350 2591 405 2630 coelo
416 2591 514 2643 delapsum
525 2592 617 2643 colligere
633 2596 651 2631 et
660 2591 779 2642 prehendere
795 2601 862 2629 omnes

68 2713 70 2716 Α
133 2670 212 2712 magnas
227 2654 299 2704 stellas,
316 2669 395 2709 quarum
404 2659 493 2710 pudenda
507 2670 599 2711 equorum
613 2658 706 2710 pudendis
721 2656 789 2696 similia
804 2660 862 2700 erant,

132 2733 152 2767 ct
167 2739 234 2766 omnes
249 2727 316 2766 vinctis
331 2725 412 2777 pedibus
427 2738 449 2764 ac
464 2727 551 2765 rnairibus
562 2727 654 2766 interrae
667 2727 758 2766 cav'ernas
772 2724 861 2773 dejicere.

177 2819 194 2860 l)
211 2819 241 2855 cir.
255 2817 294 2861 Cap,
306 2818 331 2861 X,
349 2818 375 2852 13,
