1807 3145
380 168 444 203 Erroobi
455 168 503 209 liber,
673 148 675 151 Α
766 175 807 213 277

132 282 251 333 Quamquam
270 296 316 322 vere
340 286 407 334 graeca
426 285 468 324 libri
489 284 557 331 editio,
580 297 627 336 quae
647 286 719 327 forsan·
732 274 808 325 norrnisi

77 348 160 391 hebraici
181 348 280 398 crxjersdam
301 351 341 389 sive
356 350 448 390 chaldaici
469 351 582 402 exemplaris
601 353 664 390 versio
684 357 740 397 erat,
753 362 808 390 recu-

77 417 138 470 perari
157 418 235 457 omnino
250 431 288 458 non
303 430 363 469 posse
377 420 473 465 videatur,
493 425 575 459 attamen
590 421 666 472 septimi
685 420 755 460 decimi
767 418 807 470 jam

77 484 138 525 seculi
147 484 202 524 initio
213 490 276 532 eraut,
292 486 324 537 qui
340 486 494 536 suspicarentur,
507 488 638 538 Aethiopicam
648 487 689 538 ejus
699 488 808 528 versionem

77 553 95 589 in
107 550 209 601 abyssina
224 552 247 590 ad
263 552 312 591 hunc
328 563 389 603 usque
405 553 455 592 diem
471 555 557 593 existere.
585 542 740 605 Luaolphrrs,'in
755 568 807 593 corn-

60 645 64 666 ,
79 618 173 657 memmio
188 618 279 657 historiae
295 619 414 669 aethiopicae
429 618 503 664 addito,
518 620 585 666 refert,
600 624 699 660 tractatum
711 622 808 671 Aethiopi—

78 698 131 732 cum,
153 686 185 737 qui
203 686 251 725 liber
265 687 338 726 Euochi
360 699 403 727 esse
423 687 518 735 videatur,
535 700 556 728 ex
569 690 654 740 Aegypto
675 690 808 730 transmissum

78 758 97 793 et
111 765 121 792 a
135 753 233 794 Peireskio
255 760 326 794 emtum
346 767 402 801 esse,
424 757 477 796 hisce
496 757 570 796 verbis:
589 757 713 802 „Gessendus
731 758 750 795 in
771 757 808 797 vita
872 743 874 747 ‚

77 821 214 865 Peireskii,
235 821 258 860 de
276 822 358 872 ,legiam
375 822 479 862 Lochiensi
497 824 604 872 Gapucino,
629 824 660 873 qui
673 815 702 863 ‘in
721 826 808 878 Aegypto

79 887 199 936 septennium
215 893 288 938 egerat,
303 888 353 927 inter
367 888 403 927 alia
417 888 492 927 scribit:
507 888 662 939 quandoquidem
681 890 731 930 iuter
745 897 809 933 cetera

77 953 235 994 animadvertisse
250 967 271 994 se
287 954 332 994 dixit
345 955 448 1006 Mazahpha
462 956 527 1000 Enoh,
548 966 583 994 seu
597 955 715 1006 prophetiam
729 958 808 1007 Enochi,

78 1023 207 1062 declarantem
229 1035 263 1068 ea,
288 1035 337 1074 qnae
352 1022 380 1062 ad
398 1022 455 1063 finem
483 1034 543 1073 usque
568 1022 628 1063 seculi
649 1027 739 1066 eventura
761 1027 824 1075 sim,

79 1090 150 1128 librum
164 1091 251 1139 Eumpae
266 1092 338 1139 pridem
356 1092 449 1135 invisum,
462 1092 501 1128 illic
516 1096 579 1129 autem
597 1092 706 1131 charactere
725 1106 747 1132 66
761 1094 808 1134 idio-

78 1162 127 1196 mate
142 1156 255 1207 Aethicpico
270 1167 305 1195 seu
319 1155 467 1206 Abyssinorum
484 1155 532 1206 apud
548 1167 596 1207 quos
610 1156 626 1196 is
639 1156 702 1197 irrorat
716 1163 808 1206 servatus,

80 1225 221 1275 couscriptum:
236 1223 280 1263 ideo
295 1224 403 1263 Peireslics
423 1224 459 1264 sic
479 1224 524 1263 luit
544 1236 666 1263 accensus
686 1224 739 1275 ejus
755 1238 809 1278 quc-

79 1303 126 1342 666
146 1291 227 1342 pretio
254 1292 416 1343 comparandi
438 1291 531 1335 studio,
551 1296 576 1330 ut
597 1291 676 1330 nullis
697 1305 809 1343 parcens

78 1359 233 1410 sumptibus,
248 1361 331 1409 ipsum
346 1358 454 1410 denique
469 1360 509 1398 sui
523 1359 618 1398 feeerit
630 1359 718 1407 jarris.“
740 1360 809 1400 Ludol·

78 1426 126 1476 phus
141 1426 204 1472 addit,
218 1428 249 1467 his
265 1426 359 1467 [lassandi
372 1427 436 1468 verbis
451 1431 559 1468 commotos
575 1427 660 1467 suasisse
680 1427 717 1468 sibi
736 1429 809 1469 amicos
857 1426 860 1433 '

79 1493 156 1539 doctos,
178 1498 198 1533 ut
220 1505 297 1533 omnem
311 1493 431 1545 impenderet
451 1494 563 1533 industriam
578 1494 602 1532 ed
616 1495 753 1544 acquirendum
767 1497 809 1534 libri

79 1561 188 1613 specimen,
204 1560 227 1600 de
243 1573 280 1612 quo
295 1561 362 1608 toties,
384 1571 480 1613 uunquam
494 1565 557 1601 tamen
572 1560 701 1608 sufficienter,
721 1574 731 1602 6
749 1561 810 1602 doctis

79 1629 195 1680 disputatum
209 1630 243 1677 sit,
258 1635 279 1670 ut
292 1629 369 1669 tandem
388 1630 475 1668 extricari
493 1629 565 1679 possit,
584 1633 646 1668 utrum
661 1642 706 1669 vere
721 1631 812 1670 exstiterit

80 1696 174 1746 ejusmodi
189 1709 247 1748 opus,
263 1708 285 1735 ac
301 1696 378 1741 deinde,
395 1708 487 1746 quaenam
503 1695 527 1734 sit
541 1694 583 1744 ejus
597 1696 625 1736 vis
636 1701 691 1747 atque
702 1697 811 1737 auctoritas

81 1764 151 1814 „Igitur
165 1768 184 1803 et
199 1767 249 1815 ego“
270 1765 296 1803 ait
310 1764 380 1809 „nullis
395 1775 458 1814 neque
474 1762 567 1801 sumtibus
588 1774 651 1813 neque
669 1762 766 1803 laboribus
780 1775 812 1813 po-

79 1832 138 1883 perci‚
154 1830 217 1871 donec
232 1831 331 1883 specimen
346 1831 400 1870 istius
415 1830 457 1869 libri
472 1830 608 1880 adipiscerer.“
633 1830 733 1875 Postremo
744 1831 813 1870 Ludol-

80 1901 138 1951 phas,
154 1905 174 1938 ut
189 1900 267 1939 omnino
282 1900 321 1939 sibi
341 1899 471 1945 satisfaceret,
490 1898 573 1938 Parisios
587 1898 695 1949 proiectus,
715 1897 748 1937 ubi
765 1898 814 1938 liber

80 1967 99 2003 iu
113 1965 228 2006 bibliotheca
246 1967 298 2016 regie
313 1965 414 2016 depositus
432 1970 482 2010 eret,
497 1970 558 2004 totum
569 1965 657 2015 inspexit
684 1965 723 2004 Sed
736 1967 813 2010 invenit,

81 2043 129 2083 opus
139 2045 177 2072 nou
188 2044 243 2077 esse,
259 2033 310 2084 quod
323 2032 431 2078 dicebatur,
446 2032 520 2070 Enochi
529 2031 609 2075 librum,
626 2030 661 2070 sed
672 2031 813 2087 diversissimae

81 2100 151 2139 indolis
166 2106 185 2140 el
199 2101 266 2139 fabulis
281 2114 304 2140 66
320 2101 458 2151 superstitione
472 2097 574 2150 plenum.¹

135 2169 182 2209 Post
196 2168 296 2220 deceptam
310 2167 404 2220 Ludolphi
423 2168 596 2219 exspectationem,
612 2166 734 2218 desperatum
749 2172 779 2206 est.
793 2167 816 2206 ab

82 2234 181 2280 omnibus,
202 2236 312 2276 conservari
327 2236 388 2275 adhuc
410 2237 536 2285 aethiopicam
556 2235 599 2273 libri
620 2235 676 2285 hrrjus
699 2235 814 2278 versionem,

83 2302 144 2344 donec
159 2304 196 2343 sub
211 2305 291 2355 proximi
302 2303 363 2343 seculi
373 2301 431 2342 finem
441 2303 521 2342 Brneius
531 2303 608 2353 arigius,
615 2314 653 2341 mm
665 2302 723 2340 medo
734 2301 816 2347 existere

83 2383 127 2410 eum
147 2371 245 2423 probavit,
271 2372 307 2412 sed
330 2372 387 2411 etiam
407 2383 430 2410 ex
450 2370 552 2421 Abyssinia
573 2371 608 2409 tria
633 2369 676 2418 cjrrs
703 2368 817 2421 exerrrplaria

83 2450 150 2477 secum
171 2439 235 2479 attulit.
271 2438 345 2486 Quibus
367 2449 404 2489 quc
424 2437 482 2476 modo
497 2448 543 2477 usus
566 2437 602 2483 sit,
622 2438 665 2489 ipse
685 2438 714 2477 sic
730 2438 817 2488 exponit:

84 2506 147 2551 „luter
161 2507 206 2552 alia,
222 2517 270 2557 quae
289 2504 417 2544 bibliothecae
435 2504 538 2543 Parisiensi
553 2504 649 2551 dedicavi,
670 2504 818 2555 pulcherrimum

84 2578 124 2613 erat
138 2578 157 2614 et
178 2571 388 2625 magnificentissimum
406 2572 480 2612 Enochi
498 2572 630 2612 vaticiniorum
649 2572 754 2622 exemplar,
775 2582 820 2622 qua-

83 2641 185 2681 ternarium
207 2652 275 2692 magua
294 2642 365 2686 torma,
390 2640 469 2679 alterum
490 2640 508 2678 iu
533 2640 601 2679 codice
623 2651 678 2679 sacro
699 2643 817 2683 contentum,

131 2798 147 2841 l]
161 2777 289 2836 Gonrrrreutarius
300 2803 320 2835 ml
332 2802 389 2836 histor.
402 2802 515 2846 aethiopicam.
528 2812 544 2845 p.
557 2799 595 2834 sci.
