1807 3145
102 167 142 214 153
368 170 430 204 Esdrae
442 169 484 203 liber
495 175 561 214 quai-ms

101 287 186 340 prolerre
200 285 299 335 potuisset
323 283 377 331 Quae
391 285 408 324 si
423 295 466 324 oum
478 284 591 337 Hieronymi
605 283 666 325 effatis
685 284 831 338 comparaveris,

103 357 169 396 eadem
184 344 245 393 aetate
259 354 346 399 viventis,
362 353 464 394 admodum
475 355 576 409 singularis
591 353 688 404 apparebit
698 353 832 405 discrepantia.

102 422 229 476 Vigilantius,
244 421 357 471 Hieronymi
372 421 503 467 aduersarius,
519 422 542 461 ari
556 420 658 460 firmandas
674 423 773 473 opiniones
788 434 833 463 suas

102 496 167 540 loeurn
181 491 238 538 huy'us
253 486 296 527 lihri
311 490 418 534 adduxerat,
435 490 466 526 eui
476 490 604 539 Hieronymus
619 488 647 526 sio
661 489 776 537 respondet:
791 489 834 534 „Tu

44 582 47 588 ν
103 559 180 610 vigilans
196 555 278 601 dormis,
304 559 323 595 et
337 555 433 596 dormiens
449 556 527 602 seribis,
555 560 573 596 et
587 555 676 607 propinas
697 555 833 615 mihilibrum

107 624 289 677 apocryphum,
318 624 350 673 qui
372 624 407 662 sub
428 625 506 664 nomine
520 624 591 664 Esdra'e
606 636 617 663 a
630 627 649 662 te
665 627 684 663 et
698 622 792 662 similibus
806 624 834 663 tui

102 694 177 745 legitur,
187 691 220 731 ubi
232 690 323 741 seriptum
333 696 368 737 est,
380 690 432 741 quod
440 682 485 742 post
495 696 576 732 mortem
586 691 648 730 nullus
655 703 690 742 pro
701 690 743 731 aliis
755 690 835 743 gaudeat

103 761 212 811 deprecari,
223 771 280 810 quem
291 770 335 809 ego
347 759 417 796 librum
426 770 547 810 uunquam
557 759 618 809 legi,
634 758 679 808 quid
689 759 740 796 enim
750 770 834 798 neeesse

103 832 146 875 est,
164 828 185 867 in
199 837 266 865 manus
281 837 370 870 sumere,
392 813 578 875 quodHeolesia
596 838 646 863 non
665 824 765 875 recipit.
792 824 835 865 Nisi

103 897 152 936 forte
166 895 275 935 Balsamum
290 898 309 933 et
319 892 433 939 Bubeium,
449 897 468 932 et
482 892 718 938 thesaurumMauiebaei,
733 896 752 936 et
765 891 835 931 ridiou-

103 964 143 1003 lum
156 974 227 1003 nomen
239 961 355 1001 Leusiborae
366 961 463 1011 proferas,
479 967 499 1002 et.
511 962 554 1012 quia
565 959 640 1001 radiees
652 959 746 1011 Pyrenaei
754 959 835 1005 habitas,

104 1031 217 1079 vicinusque
232 1040 253 1068 es
268 1028 369 1073 Hiberiae,
388 1028 489 1074 Basilidis,
511 1028 638 1079 antiquissimi
651 1027 753 1072 haeretiei,
769 1030 789 1065 et
801 1027 836 1065 im-

103 1098 176 1148 peritae
191 1095 284 1136 scientiae
302 1094 422 1135 inoredibilia
440 1100 528 1145 portenta
546 1094 679 1146 prosequeris,
705 1098 724 1133 et
736 1094 836 1145 proponis,

104 1163 169 1216 quod
189 1164 270 1215 totius
292 1162 361 1202 orbis
382 1164 536 1203 auctoritate
557 1162 704 1202 darnnatur.“
732 1162 803 1202 lterum
816 1161 836 1201 in

104 1233 222 1282 praefatione
245 1230 269 1268 ad
288 1231 356 1269 Ezram
382 1231 497 1268 oanorrtomn
521 1229 649 1278 Hieronymus
668 1229 718 1267 harro
744 1229 837 1268 rationein

106 1299 173 1345 reddit,
190 1310 224 1336 our
238 1297 315 1337 tertium
329 1301 449 1349 acquantum
463 1296 529 1340 libros,
545 1295 577 1345 qui
591 1295 654 1334 eidem
667 1294 741 1333 auctori
754 1294 837 1334 tribuan-

103 1372 139 1407 tur,
154 1374 178 1401 ex
191 1374 241 1401 nova
255 1377 290 1399 sua
304 1364 376 1398 oodiois
390 1362 440 1399 sacri
459 1361 543 1399 editione
554 1361 651 1399 omiserit:
666 1361 718 1406 „Nee
729 1373 837 1412 quenquam

103 1432 189 1472 moveat,
210 1426 263 1478 quod
276 1438 325 1465 unus
340 1427 421 1466 anobis
436 1426 486 1466 liber
501 1426 562 1466 editus
578 1431 665 1472 estnec
680 1414 837 1479 apocrypho-

106 1494 250 1533 rumtertii
272 1497 294 1532 et
316 1493 400 1542 quarti
420 1493 532 1532 somniis
555 1492 669 1539 delectetur3
696 1493 740 1544 quia
755 1499 775 1534 et
788 1494 837 1547 apud

105 1563 207 1602 Hebraeos
222 1561 294 1601 Esdrae
303 1561 433 1611 Neemiaeque
447 1572 546 1599 sermones
561 1562 581 1599 in
595 1571 654 1600 unum
668 1560 758 1600 volumen
772 1574 837 1602 coare-

103 1632 174 1673 tantur,
194 1631 214 1668 et
227 1638 276 1678 quae
290 1639 330 1666 non
344 1627 438 1673 habentur
452 1627 501 1678 apud
515 1627 571 1672 illos,
585 1640 622 1667 nee
638 1627 662 1666 de
676 1629 742 1679 viginti
757 1633 837 1680 quatuor

103 1696 194 1749 senibus,
210 1700 254 1735 sunt
267 1695 335 1746 procul
344 1693 476 1745 ‚abjicienda“
504 1695 574 1736 Mirum
589 1707 635 1735 sane
649 1695 732 1743 ridetur,
752 1696 836 1737 eundem

102 1761 182 1810 librum,
202 1774 260 1814 quem
273 1761 387 1802 Ambrosius
402 1761 543 1802 ut'dirinarum
557 1762 653 1802 visionum
667 1768 686 1803 et
699 1765 836 1804 revelationum

106 1829 190 1880 plenum,
206 1834 226 1869 ut
239 1831 302 1880 ipsum
312 1828 348 1867 Dei
358 1828 438 1869 uerbum
451 1829 581 1874 venerabatur,
596 1828 619 1876 ab
630 1830 704 1881 aequali
718 1830 759 1880 eius
769 1830 836 1870 Hiero-

78 1937 80 1940 ,
104 1910 162 1948 nymo
177 1898 261 1947 pessime
276 1895 369 1944 rejectum
385 1906 439 1941 esse,
455 1900 476 1934 ut
489 1897 542 1936 vanis
557 1897 636 1934 somniis
651 1898 747 1943 refertum,
763 1901 783 1936 et
795 1909 835 1936 non

102 1961 169 2002 modo·
184 1961 325 2015 apocryphum,
350 1960 423 2002 sedin
441 1962 519 2002 illorum
540 1975 620 2003 numero
639 1963 759 2014 habendum,
786 1977 834 2018 quae

102 2030 194 2069 haeretiei
207 2029 311 2069 immodico
320 2030 405 2068 inanium
417 2040 482 2070 rerum
491 2030 554 2070 studio
564 2030 681 2071 luxuriantes
697 2031 835 2074 absurdissime

102 2098 122 2136 in
136 2098 200 2138 luoem
214 2098 331 2148 protulerint.
504 2091 507 2095 ’

158 2186 232 2227 Addam
241 2186 279 2223 hoe
293 2184 344 2229 looo,
359 2196 398 2223 non
409 2185 433 2223 ad
448 2185 614 2225 demonstrandam
628 2188 671 2225 libri
683 2189 833 2239 inspirationem,

103 2254 138 2297 sed
153 2255 176 2295 ad
190 2252 321 2294 illustrandam
335 2250 402 2298 fidem,
428 2263 464 2304 qua
481 2253 501 2292 in
515 2253 586 2304 liguam
605 2254 718 2305 athiopioam
731 2252 834 2297 translatus

102 2323 198 2367 videatur,
224 2321 248 2360 ab
261 2319 345 2359 ecelesia
365 2319 471 2371 aethiopica
490 2331 535 2358 eum
554 2333 588 2371 pro
604 2322 697 2361 canonico
712 2323 783 2362 haberi.
812 2327 833 2364 In

103 2390 175 2429 celebri
189 2388 238 2427 libro
253 2399 314 2432 sacro,
331 2387 363 2437 qui
377 2386 453 2436 plurimi
463 2386 561 2426 estimatur
575 2387 597 2426 ab
612 2388 725 2439 Abyssiuiis,
740 2391 833 2442 inscripto

104 2456 207 2505 „Urgauon
227 2454 296 2492 Beatae
319 2453 403 2502 Virginis
427 2453 512 2494 uariae
538 2455 654 2501 (seeundum
672 2456 762 2495 Brueium
783 2468 833 2496 anno

103 2520 187 2564 MCGXL
202 2520 316 2569 composito)
337 2522 429 2569 eanonioa
450 2521 511 2560 nostri
531 2521 602 2573 Esdrae
621 2512 726 2563 auotoritas
739 2525 767 2563 sio
783 2525 833 2565 eele-

102 2590 177 2628 bratur:
192 2587 263 2637 „Aperi
277 2598 299 2625 os
314 2599 378 2626 meum
392 2589 415 2626 ad
429 2588 562 2627 celebrandam
574 2590 700 2641 virginitatem
712 2592 778 2631 matris
790 2592 831 2637 Dei,

103 2657 153 2696 sieut
173 2646 298 2705 aperuisti
319 2666 345 2693 os
365 2655 455 2701 Herae,
484 2656 515 2708 qui
537 2656 660 2710 quadraginta
681 2669 716 2709 per
737 2657 778 2698 dies
793 2661 844 2699 non'

103 2722 222 2774 quiescebat,
246 2721 306 2759 doner
328 2722 471 2761 continuaverat
485 2723 569 2769 seribere
584 2724 641 2762 verba
655 2724 703 2773 legis
718 2729 737 2763 ei
750 2724 832 2775 proplie-
