1807 3145
109 196 159 232 210.
414 188 476 220 Enochi
489 187 534 220 liber,

164 307 186 352 ’1)
200 304 222 343 Et
243 302 315 342 dicent:
338 302 379 351 quis
402 302 485 351 quietem
504 303 560 358 nobis
580 302 631 343 dedit
651 303 674 342 ad
695 303 835 351 celebrandurn,

109 371 227 416 laudandum,
237 367 418 409 benedicendurnet
425 367 554 409 confitendum
563 370 582 409 in
591 370 699 420 praesentia
711 370 752 419 ejus
763 372 839 423 gloriae,

163 438 182 486 8)
196 438 220 477 llt
233 448 284 475 nuno
299 436 362 475 brevis
377 440 407 475 est
422 436 486 485 onies,
511 440 567 487 quam
581 442 705 488 exoptamus,
729 450 766 478 noc
784 438 839 489 [eam]

111 506 228 555 reperimus;
243 503 335 543 vellemus
350 502 426 553 quidem
442 504 524 552 assequi,
540 503 622 542 sednon
635 504 777 554 possidebimus
793 517 840 544 earn.

108 574 181 613 Lumen
195 576 283 612 nostrum
296 573 316 610 in
330 575 443 622 perpetuum
458 572 541 618 evanuit,
558 576 577 611 et
591 571 652 624 caligo
668 572 745 613 obduxit
758 573 838 612 thronos

109 645 186 680 nostros
201 642 221 679 in
235 644 339 678 aeternum.

123 739 132 764 ι.
163 707 183 753 e)
197 706 245 745 Nam
259 716 298 743 non
317 704 401 742 confossi
416 714 491 742 eramus
507 716 572 744 coram
585 706 623 751 Eo,
646 718 685 744 non
701 706 839 747 celebravimus

109 786 179 813 rromen
195 772 272 811 Domini
287 783 363 822 regum,
387 783 425 808 non
447 770 585 811 celebravimus
599 773 704 812 Dominum
717 774 737 812 in
752 773 840 812 omnibus

76 873 78 875 .
110 840 153 897 ejus
169 840 268 892 operibns,
290 838 325 879 sed
339 837 452 877 confidimus
466 839 485 877 in
501 839 630 880 dominatione
645 845 664 880 et
678 841 749 891 gloriae
764 844 841 879 nostrae

111 915 193 960 sceptro.

153 976 185 1023 to)
199 975 235 1013 Die
250 974 322 1012 doloris
337 978 356 1011 et
369 973 516 1022 perturbationis
531 979 608 1013 nostrae
622 976 656 1014 llle
674 988 710 1014 nos
724 988 763 1014 non
778 987 841 1014 serva-

111 1044 149 1089 bit,
165 1055 227 1095 neque
243 1041 326 1092 quietem
340 1041 463 1092 reperiemus.
494 1041 621 1090 Confitemur,
636 1044 739 1083 Dominum
754 1048 841 1082 nostrum

108 1109 186 1149 fidelem
201 1122 245 1149 esse
259 1110 278 1148 in
294 1108 381 1147 omnibus
396 1109 436 1147 suis
452 1110 551 1159 operibus,
574 1111 594 1149 in
609 1111 697 1150 omnihus
710 1110 800 1161 judiciis,
823 1116 842 1149 et

111 1179 131 1217 in
143 1177 217 1226 jusitia
232 1188 270 1216 sua.

152 1245 184 1293 11)
198 1246 218 1284 ln
234 1244 312 1294 judiciis
331 1256 434 1294 personam
448 1257 487 1282 non
501 1245 589 1295 respicit,
611 1251 630 1285 et
644 1258 680 1284 nos
695 1257 718 1284 ex
731 1244 840 1297 praesentia

48 1361 49 1365 Ἰ
110 1311 152 1362 ejus
168 1311 268 1352 discedere
284 1311 380 1362 cogimur,
396 1314 473 1362 propter
488 1316 553 1351 nostra
568 1311 632 1362 [male]
647 1313 702 1351 facta.

152 1382 185 1429 1⁶2)
200 1379 269 1419 Omnia
282 1383 362 1429 peccata
376 1382 442 1417 nostra
456 1382 509 1417 recte
523 1379 628 1429 ponderata
642 1384 692 1419 sunt.

153 1448 188 1497 13)
204 1447 253 1487 Tum
268 1445 291 1486 ad
306 1458 328 1485 se
348 1444 430 1485 invicem
445 1445 519 1485 dicent:
541 1446 614 1486 animae
632 1450 710 1487 nostrae
725 1444 794 1489 divitiis
808 1446 843 1485 ini-

111 1518 187 1569 quitatis
203 1517 280 1557 satiatae
296 1520 349 1560 sunm

153 1585 185 1635 14)
200 1574 240 1623 Sed
254 1583 289 1622 hae
304 1594 339 1621 nos
354 1585 482 1620 contuentur
497 1592 507 1620 a
527 1580 664 1621 descendendo
679 1581 698 1620 in
713 1580 842 1621 flammantem

111 1654 150 1694 oroi
165 1654 233 1693 sinum.

142 1722 185 1775 ld)
200 1721 223 1761 Et
236 1724 276 1759 tum
290 1718 353 1759 vultus
373 1728 439 1755 eorum
454 1716 535 1767 caligine
551 1721 570 1755 et
586 1717 699 1755 confusione
715 1716 843 1766 implebuntur

111 1802 176 1829 coram
189 1788 237 1828 Filio
252 1786 344 1827 hominis,
366 1797 377 1823 e
392 1783 446 1833 cnjus
461 1784 569 1834 praesentia
588 1785 718 1834 expellentur,
744 1787 763 1822 et
777 1792 842 1820 coram

111 1867 149 1907 quo
165 1854 237 1907 gladius
251 1850 357 1890 remanebit
371 1848 395 1887 ad
409 1861 443 1889 eos
459 1849 573 1888 caedendos.

154 1922 185 1971 16)
201 1921 232 1960 Sic
242 1920 273 1962 ,alt
282 1919 375 1959 Dominus
390 1918 500 1969 spirituum:
515 1918 557 1957 Hoc
572 1922 602 1957 est
614 1918 711 1957 decretum
722 1920 741 1955 et
749 1915 844 1965 judicium

89 1977 91 1983 Ἠ
111 1995 176 2031 contra
190 1989 297 2041 principes,
313 1998 380 2037 reges,
396 1986 494 2030 excelsos,
510 1997 588 2036 eosque,
604 1987 636 2035 qui
650 1989 721 2023 terram
735 1982 841 2034 possident,

110 2058 253 2107 inpraesentia
267 2052 343 2094 Domini
359 2054 464 2102 spirituum.

410 2132 469 2170 GAP.
489 2131 551 2170 LXlll.

168 2207 186 2255 1)
200 2207 252 2247 illias
267 2216 343 2257 quoqne
358 2205 443 2245 visiones
458 2201 496 2243 vidi
510 2203 530 2241 in
544 2203 581 2242 isto
596 2207 671 2243 secreto
690 2204 741 2243 loco.
771 2202 844 2241 Vocem

110 2277 189 2327 percepi
204 2274 267 2325 angeli
282 2273 374 2312 dicentis:
398 2271 417 2309 ni
432 2274 475 2308 sunt
496 2269 569 2320 angeli,
595 2270 650 2320 qnia
670 2270 725 2309 coelo
740 2271 843 2307 interram

112 2343 262 2387 descenderunt,
279 2346 298 2381 et
311 2340 355 2379 liliis
370 2339 468 2378 hominum
483 2342 558 2376 secreta
573 2338 690 2383 revelarunt,
712 2342 731 2377 et
744 2336 795 2376 filios
810 2336 843 2373 ho-

111 2411 184 2449 minum
199 2409 223 2449 ad
236 2412 315 2459 peccata
331 2404 466 2446 committenda
481 2404 608 2444 seduxerunt

331 2489 392 2529 oar.
414 2488 475 2528 univ.
503 2488 556 2538 [sen.
571 2485 624 2537 niv

170 2564 187 2611 1)
202 2562 241 2602 lllis
262 2561 328 2601 diebus
355 2561 409 2602 Noah
432 2559 478 2601 vidit
492 2565 571 2616 vterram
595 2560 688 2601 inclinare
710 2564 729 2599 et
749 2558 844 2599 interitum

113 2631 270 2681 appropinquare.

158 2743 175 2782 1)
189 2742 228 2785 Cap
241 2743 297 2786 LXIV,
318 2741 360 2776 LXV
373 2746 390 2774 et
406 2740 467 2781 LXVI,
486 2747 502 2773 et
520 2740 587 2782 cxvii,
608 2752 622 2774 v.
640 2743 655 2777 1.
673 2742 758 2775 continent
774 2741 844 2780 Nouelli,

113 2810 146 2833 nou
158 2799 220 2833 Enoolri
233 2801 320 2838 visionem.
344 2800 435 2839 Laurence,
