1807 3145
293 177 321 213 ur.
334 177 388 211 cerrus
399 188 408 209 a
420 176 466 209 arca.
479 162 569 209 satereia.
771 169 809 216 rea

81 296 129 336 bus
150 292 277 344 capitibus
298 304 332 332 eos
346 280 442 342 indigitari
457 280 546 336 dixerim,
569 291 600 343 qui
621 297 661 346 turn
675 294 766 344 ternporis
781 291 811 332 vel

84 361 141 413 paulo
155 365 200 411 post
213 360 306 408 similibus
320 359 388 397 studiis
402 359 503 409 conspicui
517 364 575 398 erant
628 373 630 381 ¹*

140 427 307 477 Quodadocto
322 437 413 479 parvas
434 427 486 466 alas
508 426 559 467 sive
579 427 663 479 capita
678 426 752 474 attinet,
778 424 813 467 sub

84 498 156 538 duabus
177 498 244 550 prirnis
265 483 324 538 latere
346 495 425 535 dixerim
448 494 554 546 Sulpicium
577 495 674 535 tribunum
697 499 716 535 et
733 495 816 536 Marium

83 565 188 616 majorem,
215 565 247 616 qui
266 577 301 615 pro
320 562 396 614 propria
417 565 511 613 potestate
532 567 628 602 certarnen
647 563 693 602 illud
713 562 815 607 inchoavit,

85 622 136 684 quod
145 631 203 671 toties
213 632 343 672 Rornanorum
352 630 453 680 imperium
464 631 556 680 sanguine
568 629 670 670 inundarit.
692 630 722 668 De
736 630 816 681 reliquis

84 711 118 741 sex
133 703 228 751 narratur:
244 701 338 750 „quatuor
351 696 473 748 conspirasse
488 695 511 735 ad
524 695 640 748 surgendum
655 708 677 736 ac
687 696 817 747 regnandum:

57 793 59 797 ψ
85 772 104 807 et
117 770 185 818 postea
199 778 258 806 unurn
273 771 293 806 ct
307 770 392 806 erectum
407 776 462 811 esse,
478 769 497 804 et
510 764 548 803 cito
563 765 656 815 periisse,
676 769 697 804 et
711 765 817 805 secundum

72 833 175 874 'similiter
188 834 275 874 velocius
289 845 344 886 quarn
358 834 430 885 prius.“
451 831 495 884 Cap.
510 830 544 879 ill,
560 835 592 874 29.
602 835 634 873 30.
645 834 677 872 31.
698 831 723 872 lli
737 834 818 883 quatuor

86 901 151 947 Cinna,
166 900 238 943 Marius
248 901 316 948 minor,
330 900 391 941 Garbe
402 904 422 940 et
431 900 584 940 Sertorius‘esse
594 896 687 948 videntur.
701 901 775 940 Prirnus
786 913 817 939 ec-

86 980 133 1015 rum,
148 970 180 1018 qui
189 974 234 1018 post
239 969 295 1010 Marii
302 968 380 1018 majoris
391 969 463 1008 obitum
473 959 541 1008 dicitnr
551 968 654 1014 „celeriter
664 967 759 1019 periisse“
768 966 818 1008 baud

88 1034 154 1074 dubito
165 1046 189 1074 an
199 1035 259 1074 Ginna
268 1035 302 1080 sit3
317 1034 458 1081 secuntus,
469 1033 501 1085 qui
511 1034 596 1074 velocius
606 1033 684 1084 perierit
694 1046 750 1085 quana
760 1036 817 1085 prior,

86 1102 159 1144 Marius
173 1102 246 1148 minor,
269 1101 301 1153 qui
314 1101 367 1153 ipso,
388 1113 426 1152 quo
441 1100 465 1141 ad
480 1100 600 1141 consulatum
614 1101 706 1150 accessit,
726 1114 775 1143 anno
790 1103 818 1142 in⁴

88 1163 181 1213 terfectus
202 1174 237 1209 est.
267 1169 321 1216 Quae
340 1173 408 1218 postea
428 1168 452 1207 de
471 1169 545 1207 duobus
567 1169 630 1209 alteris
649 1170 723 1209 horum
739 1174 818 1221 quatuor

87 1239 231 1290 praedicantur,
256 1236 317 1284 tnagis
335 1235 414 1274 adrem
428 1239 513 1275 nestram
531 1236 612 1282 laciunt3
636 1236 681 1277 dicit
696 1237 747 1277 enirn
761 1239 819 1279 Euro:

88 1304 134 1344 dum
145 1302 296 1354 conspiraverint
310 1301 333 1341 [le
343 1313 403 1351 regno
418 1314 478 1348 „ecce
488 1314 547 1343 unurn
562 1302 648 1351 dirorum,
664 1317 712 1355 qnae
723 1304 817 1352 tacebant,

89 1373 177 1423 capitum,
192 1370 250 1421 idque
264 1368 355 1416 medium,
370 1367 422 1421 quod
436 1368 501 1409 alteris
516 1370 608 1422 capitibus
622 1371 684 1423 majus
700 1376 745 1418 erat,
760 1374 820 1413 assei-

88 1440 116 1479 vit
137 1438 173 1477 sibi
194 1432 260 1477 altera
273 1437 311 1476 duo
327 1437 387 1488 capita
402 1441 422 1477 et
435 1449 551 1478 conversum
565 1451 610 1478 curn
624 1440 683 1480 sociis
698 1439 738 1480 suis
753 1453 818 1480 corne·

90 1504 117 1545 dit
132 1508 183 1552 ea;“
210 1505 253 1556 Gap.
268 1503 302 1549 tu,
325 1507 357 1544 33.
372 1508 404 1544 34.
420 1507 451 1545 35.
482 1503 556 1552 Quibus
571 1508 618 1547 satis
634 1507 724 1548 distincte
737 1509 817 1549 innuere

88 1573 164 1612 videtur
177 1571 249 1611 bellum
264 1583 307 1609 cum
322 1572 409 1610 aerbone
430 1572 449 1610 et
464 1565 551 1611 Sertorio
565 1579 651 1623 gestum,
677 1587 758 1625 qrtorurn
772 1577 819 1615 alter

88 1640 108 1679 in
124 1639 199 1683 Sicilia,
213 1637 234 1695 in
248 1636 339 1689 Hispania
353 1637 411 1683 alter,
430 1649 465 1688 per
479 1637 556 1688 aliquod
570 1630 662 1690 temporis
676 1641 758 1692 spatium
772 1654 819 1681 eon·
849 1652 851 1654 ’

89 1705 156 1757 juncta
171 1697 233 1746 studia
247 1704 305 1744 trinrn
318 1707 432 1757 magnorum
446 1706 528 1757 capiturn
540 1706 553 1745 i.
570 1718 586 1746 e.
606 1707 679 1759 Syllae,
699 1710 787 1762 Pompeji
801 1715 819 1751 et

90 1775 177 1813 Caesaris
189 1767 335 1832 occupaverunt.
356 1774 436 1813 Duobus
446 1774 517 1813 ultirnis
527 1786 550 1813 ex
560 1779 604 1814 octo
619 1776 717 1827 capitibus,
733 1791 781 1830 quae
795 1780 819 1820 ab

88 1833 174 1892 reliquis?
183 1840 302 1886 secessisse,
326 1843 346 1882 et
364 1839 388 1879 arl
407 1851 496 1892 magnum
511 1844 568 1892 caput
584 1841 605 1881 iu
619 1842 684 1884 [tertre
703 1846 818 1887 collecatum

88 1908 189 1950 transiisse
212 1906 312 1953 dicuntur,
340 1907 433 1958 Lepidum
457 1912 476 1946 et
501 1909 605 1948 Antonium
626 1912 705 1951 indicari
730 1895 827 1965 equidem¹

89 1974 211 2024 conjecerim,
222 1979 223 1982 ’

144 2041 186 2080 Jarn
200 2037 298 2099 annotavi,
320 2041 356 2081 tria
370 2040 444 2091 majora
458 2041 520 2092 capita
534 2055 578 2083 esse
594 2043 698 2095 Syllam,
717 2045 819 2100 Pompe-

88 2107 137 2156 jurn
156 2112 175 2148 et
186 2107 334 2147 Caesarem.
364 2108 397 2147 Sic
412 2114 431 2149 et
444 2109 535 2161 Vogelius
549 2111 706 2163 interpretatur.¹
733 2115 819 2155 Medium

70 2165 73 2175 ,
90 2178 146 2226 caput
160 2174 230 2214 dicitur
243 2186 302 2214 unum
317 2187 339 2214 ex
354 2176 413 2227 tribus
428 2176 448 2215 in
462 2177 514 2216 lecto
528 2178 649 2226 meriturum,
670 2181 706 2221 sed
719 2185 819 2223 tormentis

90 2246 187 2289 venatum3
201 2243 279 2294 reliqua
289 2242 326 2283 duo
343 2244 406 2291 „ferro
418 2245 505 2284 occisum
513 2246 550 2284 iri“
566 2246 609 2297 Gap.
620 2245 658 2294 ΧΠ,
673 2252 705 2289 34.
720 2250 744 2290 Et
753 2262 819 2290 rursus

91 2317 170 2364 „caput,
196 2311 247 2363 quod
268 2312 288 2350 in
309 2311 386 2352 deutera
399 2313 466 2359 luerit,
491 2312 594 2353 devorasse
613 2320 669 2366 eaput
687 2317 708 2355 in
729 2317 818 2357 sinistra“

91 2378 135 2428 Gap.
145 2379 175 2425 lll,
191 2382 223 2419 39.
246 2379 309 2426 Quam
324 2376 411 2420 acerrrate
426 2381 464 2419 boe
477 2388 520 2420 crant
532 2381 615 2432 Syllae
629 2388 692 2424 morte
706 2387 819 2434 consentiat,

92 2448 110 2483 et
120 2456 164 2484 cum
175 2448 267 2498 sequente
281 2444 402 2497 Pornpeji,
417 2445 486 2486 deinde
502 2447 624 2488 Caesaris
639 2450 696 2497 exitu,
710 2452 762 2493 haud
772 2448 826 2506 opus*

92 2513 122 2549 est
136 2523 238 2563 exponere.
264 2512 334 2552 Caesar
347 2514 411 2565 igitur,
427 2523 471 2554 cam
485 2524 522 2566 quo
537 2515 612 2557 fortiter
626 2522 702 2559 certans
716 2518 819 2571 Pompejus

90 2606 240 2619 Ἣ

136 2668 153 2707 1)
169 2671 249 2712 „Prirnurn
265 2676 315 2717 igitur
330 2677 387 2707 lroruur
400 2677 471 2717 capitum
483 2676 543 2717 sptem
559 2689 595 2710 osse
612 2685 660 2720 pute,
680 2681 698 2710 in
710 2691 758 2723 quern
773 2694 820 2724 quma

92 2726 129 2762 apte
141 2727 195 2759 orinia
207 2728 297 2771 qrradrent,
307 2750 309 2756 ι
318 2741 354 2774 qius
367 2741 399 2764 non
412 2730 473 2765 videt?
496 2732 597 2768 Duo‘arrtern
610 2739 691 2777 postrema
704 2738 758 2780 capita
770 2738 821 2771 lulius

92 2774 161 2822 Cacsar,
178 2788 193 2815 ol
206 2782 340 2831 t>1rnpejusosse
353 2788 447 2824 videnturss
466 2800 481 2832 p.
495 2789 520 2821 st,

643 2848 689 2886 ll*
