1807 3145
291 169 319 204 lat.
332 168 386 203 editus
398 179 407 202 a
418 168 467 204 Rich.
480 167 569 202 bertrame.
757 164 795 211 '14'5

68 283 130 336 primo
145 287 241 325 verterunt
255 297 276 325 ac
290 290 360 337 postea
375 282 553 335 transscripserunt,
568 282 636 323 menda
651 290 707 335 atque
721 284 797 325 ab'er'ra-

68 353 131 393 tiones
152 365 191 392 non
214 353 278 394 minus
297 364 353 405 quam
374 351 533 404 interpunctionis
555 347 676 393 difficultates
695 357 715 393 et
734 352 798 393 varios

69 421 147 469 modos,
173 422 241 473 quibus
261 420 342 462 eaedem
355 419 440 471 ,phrases
455 430 536 472 graecae
556 420 651 474 alinguis
669 423 708 461 tam
728 421 799 462 diversi

69 488 163 541 ingenii,¹
180 494 202 530 ut
221 490 279 530 latina
300 492 320 528 et
344 487 460 539 aethiopica,
488 481 528 527 riou
548 494 630 539 possunt
654 499 693 529 non
715 484 798 541 exprimi.

67 558 225 598 vhrabiea'autem
238 557 302 597 multis
317 569 340 596 ex
354 556 439 607 partibus
450 555 473 596 ab
488 560 568 607 utraque
582 561 682 610 tantopere
697 556 799 609 discrepat,

71 627 90 665 et
103 629 142 666 tam
155 625 216 667 libere
226 629 246 668 et
254 622 351 666 luxuriose
361 622 435 665 reddita
445 627 480 671 est,
494 625 515 663 ut
525 623 590 678 potius
600 624 726 678 paraphrasis,
742 635 799 676 quam

71 694 134 734 versio
150 705 196 734 esse
205 693 314 735 viedeatnr.
323 688 330 715 ¹
601 712 603 715 .

127 761 149 799 ln
160 761 232 800 duabus
242 760 306 813 autem
315 761 375 810 rebus
383 747 462 809 majoris
471 758 563 799 momenti
574 772 613 798 non
623 758 688 800 'solum
695 759 803 811 aethiopica

75 828 152 869 elatine
165 829 214 880 typis
229 840 319 881 expressa
329 829 433 879 discrepat,
449 822 550 874 sedetiam
564 827 644 868 arabica.
658 828 743 868 Primum
753 827 804 868 enim

75 895 168 946 Aethiops
188 896 226 934 duo
246 897 311 946 priora
329 900 348 934 et
362 895 407 943 duo¹
419 894 485 933 ultima
498 895 550 933 libri.
561 895 622 944 capita
636 893 712 946 penitus
728 896 806 939 onium

48 978 53 986 ,
78 961 149 1003 deinde
162 962 245 1002 minutas
259 961 471 1021 inseritexpositlones
486 960 510 1002 de
521 965 570 1003 statu
583 962 805 1012 memorandorum,

78 1034 112 1084 qui
126 1047 161 1084 per
175 1036 237 1073 totum
250 1036 396 1083 sextum'caput
409 1031 528 1073 describitur.
555 1032 577 1072 ln
592 1030 664 1072 duabus
678 1029 708 1071 bis
721 1028 806 1082 partibus

76 1100 188 1152 aethiopica
207 1104 227 1140 et
247 1100 322 1140 arabica
335 1099 435 1140 versiones
456 1099 570 1148 eumlatina
585 1102 703 1150 comparatae
717 1094 808 1148 singulari

77 1165 136 1208 modo
156 1168 206 1209 inter
220 1182 242 1209 se
257 1168 390 1215 consentiunt,
414 1166 450 1209 sed
463 1168 512 1209 banc
527 1163 673 1220 discrepantiam
686 1176 731 1211 sero
741 1169 808 1206 ¹natam
820 1187 824 1196 ι

77 1247 123 1285 esse
139 1235 224 1273 arbitror.
252 1232 369 1274 Persuasum
383 1234 435 1274 enirn
448 1234 516 1281 babeo,
530 1239 570 1275 tres
584 1235 626 1275 illas
634 1235 741 1275 versiones
755 1232 809 1284 initio
845 1267 849 1269 ,

77 1301 213 1347 consensisse;
233 1301 311 1341 latinam
325 1300 414 1342 videlicet
428 1295 514 1342 caruisse
529 1301 603 1342 duobus
617 1301 682 1353 primis
697 1310 719 1340 ao
734 1296 809 1359 duobus

77 1368 150 1408 ultimis
167 1367 271 1420 capitibus,
292 1380 332 1409 non
346 1369 409 1409 minus
425 1379 481 1420 quam
494 1366 620 1420 aethiopicam
635 1373 655 1409 et
668 1368 772 1414 arabicam3
791 1370 811 1406 et

80 1437 213 1489 continuisse,
233 1437 254 1476 id
269 1436 321 1489 quod
334 1449 369 1489 pro
383 1435 498 1488 interpolato
512 1436 636 1489 postmodum
650 1436 731 1482 excidit,
748 1439 810 1475 totum

79 1507 155 1555 captum
169 1508 244 1543 sextum
258 1516 297 1543 non
313 1505 377 1543 minus
391 1508 489 1550 accurate,
504 1515 568 1556 squam
583 1504 631 1544 duae
645 1501 699 1545 aliae.
808 1500 811 1505 ’

134 1572 163 1609 Ae
176 1571 261 1621 priorem
280 1571 357 1622 quidem
375 1557 490 1612 sententiam
503 1576 593 1613 nostram
610 1570 742 1613 demonstrate
760 1571 810 1611 haud

80 1641 110 1677 est
125 1637 208 1678 difficile.
228 1638 277 1678 Nam
286 1639 306 1678 in
315 1650 354 1678 uno
364 1642 437 1679 tanturn
452 1648 475 1678 ex
487 1638 581 1678 tredecim
594 1633 729 1690 manuscriptis
740 1636 811 1676 latinae

22 1714 23 1719 ¹
79 1705 186 1752 versionis,
205 1716 258 1758 quae⁴
268 1706 368 1757 inquisivi,
390 1704 427 1746 duo
441 1704 502 1759 prima
516 1709 536 1747 ot
550 1702 588 1746 duo
601 1706 667 1747 ultima
682 1704 743 1756 capita
756 1712 811 1756 repe-

77 1771 161 1818 riuntur,
176 1770 250 1823 partem
263 1771 308 1813 libri
321 1771 383 1813 nostri
391 1771 502 1820 formantia,
517 1782 632 1824 quamquam
646 1784 714 1813 omnes
729 1784 752 1813 ea
766 1785 811 1813 con-

79 1839 153 1881 tineant
171 1842 266 1882 editiones
285 1842 334 1893 typis
352 1852 461 1893 expressae.
490 1831 568 1887 Seddc
586 1841 623 1882 hac
641 1854 662 1882 re
676 1853 759 1883 necesse
773 1849 808 1888 est,

79 1905 154 1958 singula
168 1907 274 1951 accuratius
289 1918 391 1958 exponere.
525 1900 530 1905 ⁸
609 1903 612 1907 ’
803 1919 805 1922 ’

134 1972 218 2019 Quartus
238 1972 311 2013 Esdrae
331 1973 389 2019 liber,
416 1984 460 2011 curn
474 1971 497 2012 ab
511 1972 629 2029 Hieronymo
648 1973 751 2014 translatus
770 1987 809 2015 non

79 2040 115 2085 sit,
136 2039 244 2080 variissime
262 2040 347 2085 occurrit
360 2040 380 2080 in
394 2039 441 2083 ltlss.
455 2039 520 2079 latinis
535 2037 608 2079 codicis
622 2040 678 2080 sacri.
705 2041 810 2094 Disquisivi

78 2106 152 2153 omnia,
176 2119 224 2159 quac
238 2112 311 2156 extant,
335 2107 383 2149 alsa
397 2118 478 2148 numero
493 2112 571 2147 centum
585 2112 605 2148 et
618 2109 715 2161 octoginta
730 2115 809 2162 septem,

81 2185 165 2225 quorum
179 2180 256 2216 centum
270 2181 290 2216 et
303 2176 435 2228 septendecim
449 2180 494 2229 sunt
508 2175 602 2224 Oxcniae3
626 2176 701 2218 scilicet
715 2177 811 2231 octoginta

79 2251 112 2280 sex
130 2242 150 2282 in
164 2243 268 2284 Bodleiana
286 2243 414 2290 bibliotheca,
439 2245 552 2295 septemin
567 2244 594 2283 St.
609 2243 713 2291 iohannis,
737 2259 771 2286 sex
789 2248 809 2287 in

78 2304 147 2348 Christi
162 2309 251 2356 aedibus,
267 2310 351 2361 quinque
364 2310 385 2349 in
400 2310 489 2361 collegio,
505 2309 556 2359 quod
569 2311 643 2348 Brazeu
656 2310 708 2348 Nose
723 2317 808 2358 vocatur,

78 2379 158 2424 quatuor
171 2376 191 2416 in
201 2376 255 2428 Novo
270 2376 359 2429 collegio,
374 2379 455 2429 quatuor
467 2375 488 2414 in
499 2374 620 2426 Magdaleno,
634 2374 669 2415 tria
682 2376 703 2415 in
718 2376 809 2429 Corporis

77 2439 147 2484 Christi
173 2444 263 2492 aedibus,
282 2449 311 2485 ,et
334 2444 372 2484 duo
395 2444 416 2484 in
436 2443 558 2490 Radcliliiaoa
580 2443 709 2491 bibliotheca;
735 2447 812 2499 reliqua

77 2541 207 2552 '’*s——v—

85 2620 106 2648 .’
121 2612 140 2654 1)
159 2605 267 2649 Bodleianuni
281 2615 365 2659 exemplar
381 2615 444 2649 duobus
461 2613 505 2648 foliis
521 2616 590 2658 perditis
609 2625 683 2648 mancum
701 2621 736 2659 est;
756 2618 808 2661 primo

77 2674 133 2711 acap.
145 2670 170 2713 ΙΙ,
189 2682 224 2708 ver.
238 2670 259 2706 33
271 2673 291 2706 ad
303 2683 321 2717 v,
332 2671 365 2715 53,
384 2672 412 2707 vel
429 2671 517 2706 seeundum
533 2671 600 2706 latinum
616 2672 692 2706 ordinem
709 2679 767 2717 acap.
779 2674 808 2717 IV,

76 2729 92 2754 1.
104 2721 157 2758 23111
169 2737 186 2761 v.
198 2728 231 2771 aa,
243 2729 305 2763 deinde
317 2740 327 2762 a
338 2739 374 2772 cap.
386 2728 434 2770 lllll,
448 2740 462 2763 v.
475 2727 506 2770 59,
514 2729 540 2762 eti
552 2739 588 2772 cap.
601 2729 633 2770 lX,
645 2739 662 2762 1.
674 2727 695 2771 2,
708 2728 807 2765 1111111111-

77 2776 114 2866 (lup
124 2780 192 2817 latinum
203 2786 277 2820 ordinem
289 2796 298 2819 a
310 2796 347 2829 cap.
359 2785 407 2827 tlll,
420 2796 436 2821 r.
448 2785 482 2827 aa,
501 2785 521 2818 ad
534 2796 571 2828 cap.
583 2785 616 2827 lx,
628 2796 644 2818 v.
656 2783 673 2821 2.

112 2839 158 2879 ropb.
652 2848 676 2884 10
