1807 3145
339 188 377 223 llita
388 187 460 226 lilerlini.

36 303 79 345 Heu
93 306 184 355 quantum
198 301 317 361 scelusest',
330 304 443 358 'rapiantur
457 302 520 345 sidera
535 303 608 356 solem!
633 335 635 337 .
670 333 673 356 s
696 321 711 358 g
770 360 775 369 .

37 369 72 408 Gui
87 368 205 410 suliabuntur
220 383 257 412 nec
270 371 290 411 ui
303 370 518 412 nee-narremus
563 418 565 421 ι

36 438 189 489 Inspiciobinas
202 451 263 492 prope
277 439 370 481 lleeruen
383 441 409 479 in⁴
418 452 463 480 aere
477 439 549 486 lunesff
590 488 591 491 Ἰ

37 504 150 558 Gestarique
165 507 213 547 duos
228 507 288 547 nimia.
298 506 462 564 terttatelemes.
485 504 487 510 ‘

35 574 95 625 Inque
110 574 158 615 cirros
173 576 261 616 homines
273 587 325 630 >unus
339 576 428 621 mirmur,
444 579 464 614 et
477 574 531 629 alter

36 641 57 680 ln
70 642 160 689 tetidem,
175 654 296 695 pugnamque
310 647 377 695 parant
388 648 416 697 et
425 644 514 682 cominus
529 646 601 682 astant:

36 711 139 763 Insurgunt
152 713 193 759 alii,
210 717 334 765 quartumque
349 711 518 752 ferocibus-armis
567 740 569 743 -

36 779 111 819 Acriter
125 780 246 832 obpugnant,
259 794 296 821 nec
310 782 408 832 praevalet
421 782 471 821 ullus
486 792 563 826 eorum,

36 844 110 884 Perstat
124 848 176 885 enim
187 847 312 898 clipeumque
326 852 396 888 movet
404 848 487 898 telisque
499 850 605 898 repugnat,

36 912 59 951 Et
72 913 133 952 victor
146 919 212 954 ternos
228 916 330 954 confestim
344 916 423 966 proterit
437 915 515 961 hostes,

35 979 155 1033 Impellitqne
170 982 218 1022 duos
233 972 286 1023 trans
301 982 368 1035 frigida
382 995 441 1034 regna
455 983 537 1030 Boetes,

36 1047 88 1086 Dans
104 1049 135 1088 alii
150 1050 240 1098 ueniam,¹
252 1051 284 1102 qui
298 1051 393 1101 postulet,
409 1062 455 1101 ergo
467 1042 505 1105 per
519 1062 587 1090 omnes

35 1115 142 1167 Diffugiunt
155 1119 293 1168 partes-totius
308 1119 375 1158 sidera·
387 1120 454 1169 campi.
485 1139 486 1142 =

37 1184 173 1224 Armoricanus
187 1197 233 1236 aper
248 1197 320 1236 quercu
334 1189 434 1236 protectus
449 1184 507 1231 auitae

35 1250 119 1291 Abducit
133 1252 197 1293 lunam
211 1252 280 1305 gladiis
294 1258 339 1304 post
352 1259 406 1310 terga
420 1253 493 1306 rotatis.
509 1300 510 1305 Ἰ

37 1318 105 1360 Sidere
119 1319 165 1361 hina
179 1321 224 1362 feris
239 1320 295 1362 video
311 1322 431 1363 committere
445 1331 535 1374 pugnarn.

37 1388 91 1425 Colle
106 1389 140 1426 sub
155 1388 248 1439 Urgenio‚
265 1400 302 1438 quo
318 1386 437 1427 convenire¹
452 1390 512 1438 Deyri

37 1453 157 1508 Geuissique
171 1456 238 1502 simul,
253 1467 323 1509 nragrro
337 1460 429 1508 regnante
444 1455 523 1496 Cohelo.

38 1523 54 1561 0
71 1520 157 1575 quanto²
172 1523 242 1563 sudore
257 1524 293 1564 viri
305 1522 402 1574 tellusque
417 1534 487 1562 cruore

36 1590 110 1636 Manat,
125 1591 144 1628 in
159 1595 247 1628 externas
262 1589 307 1628 dnm
322 1576 390 1629 dantur·
404 1590 482 1629 vulnera
497 1592 569 1639 gentes.

38 1657 126 1698 Considit
139 1657 158 1697 in
172 1657 255 1698 latebras
271 1658 359 1698 collisum
374 1657 437 1697 sidere
452 1656 517 1703 sidus,

38 1726 185 1779 Absconditque
200 1738 256 1766 suum
270 1731 362 1768 renouato
375 1726 448 1766 lumine
462 1725 546 1765 lurnen.“

94 1841 149 1888 „Heu
165 1853 221 1894 quam
236 1841 276 1881 dira
289 1842 349 1881 temes
363 1840 468 1887 incumbit,
483 1844 504 1881 nt
518 1842 581 1880 arceat
596 1836 648 1878 aluos

37 1910 158 1961 Eveclratque
173 1919 219 1948 suos
234 1909 348 1959 populorum
362 1909 434 1949 viribus
449 1908 522 1946 arctus!
653 1908 656 1911 ’

36 1977 106 2030 Incipit
120 1987 130 2016 a
144 1975 242 2022 Karnloris,
257 1980 383 2027 peragratque
398 1974 496 2014 cacumine
511 1973 574 2026 regni,

36 2044 60 2086 Et
73 2044 154 2084 miseras
168 2047 236 2095 gentes
251 2054 323 2094 aequor
336 2043 418 2082 transire
433 2045 516 2082 coercet.

37 2111 142 2162 Diffugiunt
156 2112 208 2151 vituli
224 2113 312 2150 consueti
327 2111 390 2151 rivere
405 2111 454 2150 laete

37 2180 143 2222 Vacoecum
158 2179 235 2221 scotiae
250 2179 365 2235 morientum
380 2177 435 2218 clade
449 2176 555 2230 nephanda.

36 2249 114 2301 neque,
130 2247 270 2289 Neustrenses!
286 2251 362 2288 cessate
376 2246 446 2286 diutius
461 2257 513 2286 arma

37 2316 52 2356 F
54 2328 96 2357 erre
111 2328 146 2367 per·
160 2312 274 2366 ingemunt
288 2314 372 2355 violento
385 2314 445 2354 milite
459 2324 544 2365 regnum.

37 2382 80 2421 Non
95 2385 125 2421 est
138 2381 189 2420 unde
204 2381 267 2431 gulam
281 2381 360 2421 valeatis
375 2392 456 2431 pascere
470 2383 563 2425 vestram,

39 2451 191 2502 Consurnpsistis
206 2449 257 2488 enim
272 2447 361 2500 quicquid
375 2452 440 2488 nature
455 2447 536 2488 creatrix

38 2519 143 2561 Fertilitate
157 2518 208 2559 bona
223 2516 294 2558 dudum
308 2516 396 2569 produxit
409 2517 429 2556 in
442 2516 480 2557 illa.

39 2591 125 2631 Christe!
140 2594 173 2629 tuo
187 2588 258 2639 populo
272 2587 301 2627 fer
315 2599 380 2638 opem:
395 2598 498 2639 compesce
512 2587 581 2626 leones

38 2659 67 2698 Da
81 2669 141 2710 regno
155 2654 261 2708 placidam,
276 2654 328 2694 bello
344 2658 444 2700 cessante,
460 2654 564 2706 quietem.“

38 2740 170 2751 ...ο-..υ-ι

84 2779 140 2823 pare
151 2790 180 2814 ms.
192 2788 222 2824 pro
235 2787 369 2815 convenere.
399 2778 418 2822 2)
430 2779 459 2815 dle.
472 2784 561 2824 quauta.
585 2777 603 2819 3)
615 2779 643 2815 sic
654 2786 682 2811 ms.
694 2785 723 2820 pre
735 2775 767 2808 in.

39 2849 141 2885 genuum,
153 2843 171 2871 ut
182 2836 253 2871 videtur.
