1807 3145
380 179 444 215 Enoehi
456 178 502 213 liber.

380 341 443 381 GAP.
465 341 502 380 LX.

131 430 150 480 1)
164 430 207 471 Istis
224 430 294 471 diebus
308 429 347 469 vidi
367 430 436 483 longos
451 432 507 472 tunes
522 431 560 470 illis
574 430 648 491 engelis
663 430 752 477 traditos
773 433 805 484 qui

75 501 108 539 alis
122 499 162 537 suis
177 500 233 538 ablati
248 499 356 545 avolabant,
373 504 463 539 exeuntes
477 511 545 540 versus
560 499 716 550 septentrionem.

127 567 149 614 D)
164 566 187 605 ut
197 566 311 617 interrogavi
320 566 428 617 ,angelum-
435 566 514 605 dicens:
537 578 594 618 quere
604 565 673 617 longos
688 566 736 605 istos
749 567 804 605 iunes

74 638 197 683 aeceperunt,
220 640 239 672 et
253 635 353 672 exierunt?
372 634 487 683 Respondit:
505 635 599 674 Exierunt
609 634 632 673 ad
646 633 768 673 metiendum.

117 699 149 749 ·3)
164 700 255 752 Angelus,
267 700 298 752 qui
308 711 390 745 meeum,
405 701 475 751 inquit:
490 700 530 740 Hae
541 705 584 740 sunt
591 700 686 750 justorum
696 711 804 743 mensurae,

0 763 2 805 ἶ
74 772 92 807 et
105 767 162 807 lunes
174 766 270 817 justorum
284 768 354 814 ferent,
374 772 395 807 ut
408 768 511 808 innitantur
525 768 598 807 nomini
612 766 689 807 Domini
704 766 804 818 spirituum

73 836 91 873 in
106 846 163 875 omne
178 847 250 876 sevum.

126 902 148 950 4)
162 902 224 942 Eleeti
238 902 330 953 incipient
344 902 427 941 hahitare
442 914 487 942 eum
501 903 573 943 electis.

125 968 148 1017 5)
161 969 185 1008 tn
203 970 239 1008 me
258 974 303 1008 sunt
322 981 434 1015 mensurae,
458 982 506 1021 quae
521 971 615 1010 dabuntur
629 968 683 1015 fidei,
704 974 724 1009 et
738 970 803 1021 [quael

71 1035 171 1076 firmabunt
184 1037 264 1077 verbum
275 1036 367 1086 justitiae.

124 1103 146 1150 e)
161 1103 202 1141 Hae
209 1115 310 1142 mensurae
319 1104 430 1143 revelabunt
440 1104 503 1143 omnia
512 1109 586 1145 seoreta
595 1106 615 1144 in
624 1103 724 1155 profundis
734 1109 802 1144 terrae.

124 1169 147 1217 t)
161 1170 185 1209 lit
200 1169 249 1220 [fiet]
264 1170 317 1215 ulii,
333 1171 365 1220 qui
378 1171 398 1209 in
409 1169 486 1210 deserto
497 1170 610 1209 interierunt
624 1174 644 1209 et
658 1169 742 1215 devorati
758 1176 804 1208 sum

68 1236 176 1287 episoihus
191 1237 250 1276 meris
265 1240 284 1275 et
304 1248 315 1275 e
334 1236 380 1276 feris
394 1236 472 1283 bestiis,
498 1235 589 1284 redeant,
614 1240 633 1276 et
654 1236 750 1277 confidant
772 1236 802 1275 die

67 1304 137 1347 illecti:
152 1314 195 1342 nam
209 1314 267 1341 nemo
281 1302 350 1353 peribit
364 1304 384 1341 in
397 1304 504 1354 praesentia
517 1305 595 1343 Domini
610 1305 721 1356 spirituum,
736 1305 800 1346 nullus

69 1372 139 1422 poterit
152 1371 221 1421 perire.

122 1437 144 1486 8)
158 1436 181 1476 Et
194 1435 295 1485 imperium
310 1441 426 1485 aeceperunt
440 1447 519 1482 omnes,
546 1437 587 1488 [qui
602 1439 664 1487 erant]
684 1438 767 1490 desuper
781 1441 814 1482 in,

68 1505 139 1549 coelis,
166 1503 234 1554 quibus
257 1501 294 1542 vidi
316 1512 372 1540 unam
391 1501 507 1552 potentiam,
529 1513 590 1542 unum
609 1503 732 1556 splendorem
751 1506 800 1555 ignis

65 1572 124 1612 instar
138 1571 192 1611 tradi.

120 1639 142 1687 u]
158 1637 182 1678 Ut
195 1638 244 1680 Eum
257 1636 365 1687 inprimis,
380 1636 429 1675 Dum
444 1647 493 1676 vose
506 1634 661 1682 sesterionem,
680 1635 728 1677 Eum
743 1638 800 1678 effer-

65 1712 108 1746 rent
127 1708 147 1745 in
168 1704 271 1756 snpientia,
296 1707 315 1742 et
335 1703 372 1753 ipsi
394 1693 507 1742 erhiberent
528 1704 639 1753 sapientiem
657 1704 677 1742 in
698 1705 757 1743 verbo
780 1711 799 1744 et
833 1726 835 1728 v

66 1774 134 1825 spiritu
148 1773 203 1815 vitae¹

109 1842 142 1892 lu)
158 1842 207 1881 Tum
226 1839 319 1880 Dominus
341 1838 443 1889 spirituum
464 1837 533 1877 throno
553 1838 626 1889 gloriae
646 1849 692 1878 suae
710 1839 797 1880 uterum

65 1909 160 1960 imposuit.

108 1978 143 2024 lt>
159 1977 197 2022 Qui
209 1974 304 2023 Judieshit
318 1974 381 2012 omnis
396 1984 454 2022 opere
475 1976 585 2012 senotorum
603 1973 686 2024 desuper
699 1974 719 2013 in
734 1975 796 2019 coelo,

65 2046 85 2082 et
98 2043 118 2082 in
132 2043 179 2083 libra
194 2042 280 2081 actiones
295 2051 362 2079 eorum
383 2036 502 2089 ponderabit.
529 2038 553 2078 Dt
567 2050 625 2090 quum
639 2040 717 2079 extollet
729 2040 797 2080 faeiem

64 2122 118 2151 suem
132 2108 275 2161 adjudicandus
286 2113 370 2148 secretas
386 2104 453 2148 eorum
463 2108 510 2153 vias,
524 2107 544 2146 in
553 2106 612 2148 verbu
627 2107 709 2147 nominis
719 2108 797 2147 Domini

65 2178 169 2229 spirituum,
186 2184 205 2218 et
218 2189 334 2229 progressus
349 2188 416 2216 eorum
429 2177 450 2216 in
463 2177 493 2217 vie
506 2176 554 2225 justi
566 2175 634 2226 judieii
648 2177 685 2215 Dei
700 2177 796 2217 altissimi:

107 2247 142 2295 12]
157 2247 230 2286 Omnes
255 2257 293 2284 una
317 2257 366 2285 vose
389 2245 504 2295 loquentur,
532 2243 660 2289 benedicent,
688 2244 795 2291 laudabunt,

65 2312 150 2361 efferent,
165 2318 184 2353 et
199 2312 322 2353 celebrabunt
336 2312 356 2351 in
373 2314 452 2354 nomine
465 2310 543 2351 Domini
557 2311 663 2361 spirituumv

106 2382 141 2432 13)
154 2382 178 2423 Et
197 2383 239 2433 ipse
258 2381 333 2421 voeehit
351 2392 428 2420 omnem
446 2383 560 2431 potestatem
579 2379 678 2418 coelorum
692 2383 711 2419 et
725 2390 792 2419 omnes

64 2453 151 2496 sanetus,
166 2450 199 2501 qui
213 2449 306 2499 desuper,
323 2453 342 2488 et
355 2449 460 2499 potentiam
473 2448 515 2487 Dei.
544 2447 646 2487 Cherubim
661 2451 680 2487 et
694 2447 794 2498 Seraphim

64 2519 83 2552 et
97 2517 202 2566 Dphenim,
226 2528 294 2554 ornnes
314 2515 377 2567 angeli
395 2515 501 2565 potentiae,
526 2519 546 2554 et
564 2527 632 2555 omnes
654 2515 716 2566 angeli
735 2515 793 2554 demi·

63 2591 143 2628 norum,
165 2583 240 2623 seilicet
252 2582 314 2622 Eleoti
328 2586 348 2622 et
361 2582 438 2623 alterius
453 2581 566 2632 Potestetis,
594 2593 643 2633 quae
658 2581 730 2620 eratin
744 2584 794 2620 terra

64 2656 121 2700 super
135 2662 183 2704 equa
196 2651 229 2690 illo
244 2650 281 2697 die,

105 2718 140 2767 14)
155 2718 196 2760 Una
209 2730 278 2761 vocem
292 2718 370 2764 tollent,
391 2718 518 2764 benedicent,
533 2717 647 2764 laudabunt,
670 2716 793 2760 celebrabunt

64 2784 82 2818 et
96 2785 243 2835 magnificabunt
256 2787 276 2824 in
288 2776 354 2836 spiritu
366 2786 417 2832 fidei,
431 2788 451 2825 in
460 2787 527 2838 spiritu
538 2786 643 2838 sapientise
657 2790 677 2824 et
685 2785 792 2835 patientiae,
