1807 3145
128 179 168 215 202
251 182 255 189 ¹
305 221 310 229 ἢ
431 168 495 203 Enochi
505 168 552 203 liber.

183 285 204 334 2)
217 286 240 325 llt
258 296 293 337 per
310 297 400 337 magnum
419 297 475 326 suum
494 298 564 325 nomen
581 284 652 335 juravit
674 284 765 335 (dicens):
790 285 857 328 abhinc

130 369 170 394 non
185 355 255 393 iterum
270 355 298 411 sie
313 367 366 405 agam
382 367 425 393 cum
439 354 527 393 omnibus
541 355 575 399 iis,
596 353 628 402 qui
641 353 661 391 in
674 357 725 393 terra
738 354 826 393 habitant.

183 419 202 470 3)
218 420 257 462 Sed
271 422 345 473 signum
364 421 464 462 collocabo
481 422 501 461 in
516 422 588 467 coelis,
611 424 630 461 et
645 420 681 460 erit
695 422 750 461 testis
764 421 857 464 interme

128 494 148 528 et
157 489 201 527 illos
210 489 230 528 in
244 482 361 535 aeternum,¹
376 489 465 540 quamdiu
475 489 517 528 dies
530 490 580 528 cccli
592 493 611 527 et
620 492 682 527 terrae
693 489 714 527 in
724 492 775 527 terra
786 489 857 529 durant.

183 556 202 604 4)
217 556 296 602 Postea,
315 556 422 596 secundum
435 556 473 594 hoc
488 555 586 595 decretum
600 565 674 601 meum,
695 555 712 594 si
726 556 858 596 constituerim

127 624 194 664 tollere
209 635 243 662 eos
258 625 372 673 improviso,
395 624 468 673 angelis
488 628 509 662 ut
522 624 652 661 instrumentis
666 626 734 668 utens,
756 622 786 661 die
801 622 859 662 afflie-

128 689 185 728 tionis
200 693 220 727 et
233 689 392 740 perturbationis,
411 689 439 727 ira
454 693 473 727 et
486 701 548 739 poena
562 701 605 727 mea
617 688 636 726 in
650 688 674 726 iis
688 687 782 733 manebit,
797 701 859 738 poena

128 762 147 796 et
161 756 190 795 ira
204 767 258 802 mea,
278 757 303 795 aii
316 757 370 795 Deus
383 756 477 795 Dominus
492 756 596 806 spirituum.

183 823 201 871 5)
218 824 233 863 0
248 836 283 864 vos
297 835 363 875 reges,
386 835 446 863 oros
464 822 563 874 potentes,
585 822 617 872 qui
636 821 729 861 mundum
742 821 857 868 inhabitalis,
882 871 884 876 y

128 890 252 940 conspicietis
272 890 358 928 Electum
378 901 442 927 meum
461 889 481 926 in
499 886 568 926 throiro
588 888 659 938 gloriae
679 893 735 927 meae
754 890 859 928 sedentem.

128 957 152 995 Et
165 957 182 995 is
195 954 288 1005 judicabit
301 955 425 1000 dnazeelem,
447 965 514 992 omnes
530 952 571 1003 ejus
587 950 678 999 comites,
700 959 719 995 et
733 968 800 995 omnes
816 954 858 1005 ejus

129 1030 226 1070 cateruas,
246 1024 265 1063 in
279 1023 358 1063 nomine
372 1022 449 1063 Domini
464 1021 568 1073 spirituum.
775 1063 782 1075 ᾖ

183 1091 202 1138 6)
217 1090 290 1130 ibidem
303 1089 342 1131 vidi
356 1090 468 1141 allgelorllm
482 1092 578 1135 catervas,
604 1087 636 1139 qui
650 1087 800 1139 agitabanturin
814 1101 858 1141 sup·

126 1159 200 1210 pliciis,
215 1157 285 1196 inclusi
298 1158 334 1197 reti
348 1158 410 1196 ferreo
425 1160 446 1195 et
459 1156 549 1194 ahaeneo.
578 1154 628 1202 Tum
641 1156 756 1207 interrogari
770 1157 858 1207 angelum

127 1226 191 1277 pacis,
212 1226 244 1276 qui
257 1237 344 1270 mecum,
364 1235 401 1274 quo
416 1222 444 1261 illi
458 1222 516 1263 vincti
531 1220 591 1259 eunt?

181 1292 200 1339 ¹7)
215 1292 265 1330 Dixit
282 1292 325 1330 ille:
352 1291 376 1329 ad
395 1301 451 1329 suum
471 1289 552 1338 quisque
571 1288 654 1326 electum
675 1293 694 1327 et
712 1289 815 1339 dilectum,
838 1296 860 1331 nt

130 1357 244 1408 dejiciantur
257 1358 277 1397 in
291 1347 354 1396 fontes
368 1361 388 1396 et
400 1351 506 1406 profundos
520 1353 574 1394 vallis
588 1345 684 1393 recessus.

182 1425 201 1472 8)
215 1425 239 1464 lu
252 1425 300 1463 haec
314 1424 368 1463 vallis
379 1422 488 1473 implebitur
500 1421 568 1459 electis
579 1432 646 1458 eorum
660 1425 679 1459 et
696 1422 770 1461 dilectis
786 1436 858 1470 eorum,

105 1543 107 1548 y
128 1504 209 1545 quorum
219 1492 268 1532 vitae
283 1490 325 1529 dies
340 1491 482 1533 consumentur,
498 1486 533 1525 sed
548 1485 589 1525 dies
604 1486 675 1525 erroris
689 1488 784 1528 innumeri
799 1495 859 1529 erunt.

147 1605 149 1608 ,
183 1560 201 1607 9)
217 1559 266 1598 Tum
275 1559 372 1609 principes
386 1556 464 1596 coibunt
477 1559 496 1594 et
506 1553 646 1604 conspirabunt.
665 1555 761 1597 Primores
772 1558 857 1604 orientis,

126 1629 176 1668 inter
190 1627 270 1667 Parthos
286 1629 305 1666 et
318 1624 398 1671 Medos,
413 1635 469 1676 reges
485 1622 590 1674 expellent,
606 1633 654 1673 quos
670 1623 747 1674 spiritus
761 1624 859 1678 perturba.

125 1696 183 1734 tionis
197 1694 278 1735 invadet.
306 1694 335 1732 De
349 1692 423 1731 thronis
438 1703 472 1729 eos
488 1690 598 1734 detrudent,
623 1690 712 1731 salientes
727 1694 777 1733 sicut
790 1695 858 1734 leones

90 1754 91 1757 ¹
119 1760 152 1800 'en
167 1761 252 1800 cavernis
267 1759 318 1805 suis,
334 1763 353 1797 et
368 1758 418 1796 sicut
431 1757 472 1807 lupi
485 1756 568 1795 famelici
582 1754 666 1794 medium
680 1757 700 1797 in
715 1773 796 1811 gregem.

170 1828 202 1876 10)
216 1827 364 1880 Progredientur
379 1831 397 1865 et
412 1825 553 1863 conculcabunt
566 1828 637 1863 terram
651 1824 757 1864 electorum
772 1839 858 1866 suorum.

127 1896 188 1936 Terra
206 1896 312 1936 electorum
330 1895 417 1945 ipsorum
436 1904 501 1931 coram
519 1892 543 1930 iis
563 1891 603 1930 erit.
639 1891 700 1938 Area,
724 1894 793 1948 viaet
812 1882 858 1935 urbs

128 1965 207 2017 [populi]
222 1964 261 2004 mei
272 1963 320 2015 justi
333 1960 425 2014 impediet
440 1959 569 2011 [progressus]
585 1970 679 2010 equorum
693 1972 765 2000 eorum.
789 1962 858 2002 Exsur-

127 2039 172 2085 gent
187 2032 210 2071 ad
224 2045 245 2072 se
258 2033 341 2071 invicem
354 2028 473 2080 perdendos;
488 2027 564 2066 dextera
579 2039 646 2066 eorum
655 2027 770 2074 firmabitur,
793 2040 857 2080 neque

126 2102 228 2159 'quisquam
243 2100 325 2137 amicum
339 2108 374 2135 seu
387 2097 465 2134 fratrem
480 2106 535 2132 suum
550 2099 629 2139 noscet,

173 2164 202 2213 ll)
217 2165 283 2216 Neque
295 2163 345 2203 filius
356 2166 430 2215 patrem
447 2165 466 2200 et
478 2164 569 2200 matrem:
584 2159 646 2198 donec
657 2171 747 2199 numerus
757 2173 858 2211 corporum

127 2239 246 2274 mortuorum
260 2231 382 2283 [completus]
398 2230 434 2270 erit
452 2228 529 2268 illorum
548 2239 597 2268 nece
618 2239 640 2268 ac
661 2227 760 2279 supplicio.
789 2218 856 2281 Neque

127 2304 165 2343 hoc
179 2301 212 2341 fiet
225 2302 267 2341 sine
282 2311 345 2339 causa.

172 2369 202 2415 12)
216 2369 259 2408 istis
275 2368 342 2406 diebus
357 2366 398 2405 orci
413 2376 436 2403 os
451 2364 554 2415 aperietur,
579 2363 610 2401 cui
629 2362 776 2413 immergenlur,
802 2375 859 2403 orcus

128 2436 195 2489 perdet
209 2441 229 2474 et
242 2435 341 2476 devorabit
354 2437 467 2486 peccatores
482 2445 493 2472 a
507 2433 555 2472 lacie
571 2431 682 2471 electorum.
742 2441 745 2445 ·

175 2595 190 2641 l)
207 2594 261 2631 Genea
273 2594 306 2638 lx,
324 2593 350 2628 13.
