1807 3145
330 234 393 269 Enochi
405 235 452 270 iiber,
682 207 685 210 K
715 243 756 281 237

82 354 135 395 iliius
152 354 258 403 similisque
273 354 328 391 iocus
349 354 432 391 occurrit
450 354 469 391 in
484 353 569 399 zonam,
591 365 648 404 quem
667 360 710 395 ante
724 367 756 394 me

30 428 103 482 propter
117 423 175 462 alium
189 421 247 461 iiuem
261 419 379 462 Meirnasseh
393 420 500 460 Ben-Israei
519 421 539 460 in
559 421 618 460 latino
633 427 712 489 tractatu
727 421 756 462 de

30 492 215 538 resurrrectione
229 493 384 528 mertuorum
403 488 506 537 (Amsieii
522 491 544 528 Α.
558 489 581 528 D.
601 492 657 530 tutu.
667 502 685 540 p.
699 492 764 541 330.)

30 559 150 604 memoravit,
173 559 206 596 uhi
229 559 277 597 haec
297 557 419 597 exhihentur:
448 558 482 604 „in
500 558 574 598 Enoehi
597 560 645 598 libro
665 566 755 606 narratur,

30 631 117 669 Strictum
128 629 147 664 et
156 625 287 669 Benedieium,
303 636 346 662 eum
358 623 463 663 ascendere
478 636 521 664 eum
533 623 614 673 jusserit
628 630 647 665 et
661 629 723 668 omnia
739 629 756 668 ei

30 688 155 748 superiorum
170 697 226 743 atque
249 692 360 732 inferiorum
385 703 488 742 regnorum
507 693 620 743 repositoria
643 695 755 739 ostenderit,

30 768 148 807 nierrstrasse
160 773 237 813 quoque
252 760 341 800 arborem
355 760 404 800 vitae
419 765 438 800 et
457 760 556 806 arborem,
577 762 600 801 tie
620 774 656 813 qua
670 762 755 802 Adamus

29 833 148 884 maerentum
165 828 244 880 aceepit,
261 832 279 868 et
294 833 413 869 monstrasse
428 828 444 868 ei
455 828 522 869 Adami
537 829 654 868 domicilium
668 831 688 869 in
699 831 756 870 horte

28 894 115 942 Eden.“1

83 966 137 1014 Quae
150 966 260 1006 testimonia
275 964 298 1004 de
314 964 427 1004 coelest-ium
442 969 461 1004 et
473 966 592 1005 terrestrium
606 978 709 1017 regnorum
723 978 752 1006 re-

29 1035 129 1088 ceptaculis
145 1039 164 1075 et
179 1032 295 1085 cognitionis
310 1031 378 1072 arbore
396 1033 416 1071 iu
435 1033 490 1072 horto
505 1033 558 1073 licien
579 1034 683 1080 collocata,
700 1039 756 1085 atque

28 1105 105 1144 Enoeho
119 1107 164 1152 post
179 1101 314 1140 ascensionem
332 1100 352 1139 iu
368 1102 443 1139 coelum
459 1107 545 1153 ostensa,
566 1101 655 1141 dicvrntur
670 1102 756 1142 desumta

28 1181 70 1210 esse
81 1181 103 1209 ex
115 1169 171 1214 iihro,
187 1168 218 1219 qui
228 1167 332 1217 inscriptus
343 1167 368 1205 sit
376 1166 450 1205 Enochi
464 1168 552 1211 nomine;
566 1168 633 1207 eadem
648 1174 712 1207 antem
725 1181 757 1207 res

30 1237 140 1289 singillatim
152 1235 267 1275 describitur
279 1247 289 1275 a
304 1234 380 1274 decimo
392 1229 445 1275 sente
457 1245 520 1286 usque
533 1234 556 1273 aii
568 1235 688 1274 tricesimum
702 1235 758 1285 septi-

27 1316 77 1343 mum
97 1309 153 1355 eaput
171 1309 248 1343 nostrae
263 1303 363 1344 versionis.
393 1304 451 1355 Atqui
466 1302 621 1357 cabalisticerumv
633 1303 757 1355 reliquiarum

28 1376 114 1411 avictores
129 1371 225 1410 doctrinas
241 1383 285 1410 snas
300 1370 410 1409 reconditas
426 1371 521 1410 Chaldaeo
537 1382 627 1410 sermone
640 1372 758 1421 seripserunt
776 1365 778 1368 ’

28 1439 65 1478 sive
81 1443 225 1489 congesserunt.
260 1438 295 1477 Vix
317 1450 362 1488 ergo
384 1437 461 1477 dubium
483 1438 528 1483 erit,
553 1438 598 1489 quin
622 1437 665 1476 iibri
683 1437 757 1476 Enochi

28 1507 120 1558 exemplar
135 1506 157 1546 ah
172 1506 210 1544 iiiis
222 1506 304 1551 citatum,
320 1510 351 1545 aut
365 1504 463 1546 chaldaice
476 1510 507 1545 ant
520 1505 610 1558 hebraice
626 1506 757 1556 conscriptum

27 1574 86 1613 inerit.
110 1574 157 1613 Nam
171 1586 206 1624 pro
221 1575 303 1624 genuino
319 1573 367 1623 ejus,
382 1573 438 1623 cujus
449 1586 518 1614 nomen
533 1575 575 1620 fert,
591 1587 655 1626 opere,
670 1587 709 1612 non
722 1585 757 1624 pro

29 1640 89 1692 spuria
102 1640 215 1692 posterioris
231 1641 273 1680 aevi
288 1641 433 1690 compositione,
454 1652 498 1679 eum
516 1641 650 1680 considerasse
664 1642 757 1680 videntur.

29 1708 84 1757 Quaeri
96 1710 112 1748 si
123 1721 213 1760 graecum
227 1713 299 1747 tanturn
313 1709 337 1747 iis
351 1712 427 1758 praesto
442 1707 511 1748 fuisset
525 1708 625 1759 exemplar,
642 1708 693 1760 qiuari
706 1709 756 1749 haud

29 1778 129 1817 verisimile
143 1781 184 1822 est,
204 1789 243 1816 non
264 1780 285 1816 ut
299 1776 391 1827 originale
406 1776 529 1816 considerare
543 1781 635 1827 poterant.
663 1776 703 1816 Seu
718 1789 758 1817 cer-

30 1843 99 1890 tissime
122 1844 209 1883 videniur
229 1845 256 1888 ei,
277 1855 334 1895 quem
351 1843 436 1889 laudaut,
458 1844 588 1893 antiquitatem
609 1849 629 1883 ei
648 1844 758 1895 dignitatem

30 1922 120 1950 summam
135 1909 243 1950 attribuere.
263 1909 318 1949 Unde
329 1911 374 1961 quid
384 1910 537 1951 concludendum
548 1912 584 1956 sit,
594 1912 617 1949 »in
632 1918 708 1962 promtu
723 1917 758 1951 est.

81 1978 122 2018 Jam
137 1991 182 2017 eum
196 1977 321 2024 ostendimus,
336 1978 405 2018 librum
420 1983 507 2017 nostrum
521 1989 531 2017 a
543 1977 617 2017 Judaeo
631 1979 703 2030 ignoto,
722 1980 757 2017 suh

30 2044 92 2085 iiciiiio
98 2045 172 2086 Enoehi
180 2045 257 2084 nomine
266 2045 394 2095 compositum
400 2056 450 2091 esse,
457 2047 592 2091 examinemus,
601 2057 693 2097 quaenam
701 2048 758 2087 vesti-

31 2114 58 2162 gia
72 2117 178 2159 occurrant,
193 2112 261 2162 nivibus
275 2112 313 2151 nisi
328 2116 392 2153 veram
405 2113 448 2153 iibri
462 2118 544 2152 aetatem
557 2114 645 2165 angurari
654 2114 758 2163 possimus.
775 2162 776 2165 Ἴ

31 2178 103 2220 Christo
114 2181 239 2231 antiquiorem
249 2191 294 2221 esse
303 2179 354 2219 haud
364 2180 429 2233 negari
438 2184 508 2232 potest,
524 2181 627 2220 dummodo
643 2182 662 2219 in
674 2187 758 2222 mentem

30 2258 149 2295 revocemus,
165 2260 175 2288 a
187 2247 235 2288 Jnda
243 2247 337 2299 ipostolo
348 2248 412 2298 ipsum
424 2249 536 2294 memorari,
547 2260 585 2287 non
597 2254 618 2288 ut
631 2249 758 2289 indubitatum

29 2315 101 2356 Enochi
114 2318 174 2369 ipsius
190 2329 237 2368 opius
257 2318 334 2364 (contra
349 2315 484 2356 Cabaiistarum
503 2317 554 2356 enim
568 2311 697 2356 testimonium
711 2329 758 2357 nun·
804 2310 806 2313 ⁵

32 2393 85 2433 qvam
99 2386 118 2424 in
131 2385 229 2430 (iatronem
243 2385 348 2434 scripturae
362 2390 451 2433 receptus
466 2387 506 2431 esi)
520 2385 555 2422 seri
569 2390 590 2423 ui
604 2386 621 2423 ei
636 2385 757 2434 adscriptum.

32 2448 108 2493 Praesto
125 2453 182 2505 igitur
198 2456 228 2492 est
246 2452 348 2497 terminus,
363 2457 407 2503 post
422 2463 479 2503 quem
494 2452 611 2503 compositus
627 2464 671 2491 esse
685 2452 758 2503 nequii,

32 2521 50 2556 et
68 2520 84 2558 si
103 2521 188 2573 singulas
203 2520 244 2570 eJ'us
258 2524 322 2570 partes
340 2520 413 2560 minute
432 2519 620 2571 investigaverimus,
635 2532 675 2559 non
694 2521 757 2559 miuus

31 2583 50 2621 iu
59 2593 134 2634 promtu
148 2589 184 2628 erit
196 2588 296 2633 terminus,
308 2593 354 2628 >ante
370 2599 426 2639 quem
441 2588 507 2639 nequit
521 2588 566 2627 esse
577 2589 665 2639 scriptus,
681 2589 759 2638 eapti-

31 2650 133 2694 vitatem
148 2655 191 2694 dieo
205 2653 397 2705 Babylonicum.
425 2653 473 2694 Nam
487 2665 510 2694 ex
519 2655 599 2694 Daniele
614 2659 668 2693 autor
682 2653 759 2704 adopta-

76 2821 92 2863 1)
105 2823 140 2857 voi.
149 2824 170 2858 ii.
178 2823 272 2858 Parasehah
284 2818 343 2865 ribai:
354 2835 370 2866 p.
383 2822 410 2858 55.
422 2834 436 2857 a.
446 2822 532 2867 iiienasseir
544 2821 640 2856 Beu-israei
651 2823 695 2857 hunc
707 2822 758 2857 {ecum

33 2874 83 2907 miuus
99 2885 174 2912 correcte
189 2879 248 2919 reicit,
269 2891 334 2923 neque,
352 2882 381 2914 ubi
400 2886 486 2922 occurrat,
504 2880 572 2914 iudicat.
