1807 3145
101 189 140 238 ι164
368 184 429 218 Esdrae
440 185 482 218 liber
494 191 560 228 quartus

99 298 159 338 victus
174 301 230 348 atque
245 299 331 337 occissus
348 303 382 343 ost,
397 299 504 339 luculenter
517 300 624 352 depingitur
638 302 700 353 capite
715 303 733 342 in
748 303 825 344 dextera

97 366 166 415 posito.
200 365 224 405 Et
244 365 267 405 ad
286 365 322 403 hoc
344 370 399 416 caput
420 366 467 406 duae
489 367 566 418 ultimae
587 368 682 408 minorum
700 356 771 411 alarum
792 384 826 412 seu

97 433 184 483 capitum,
199 445 248 483 qrrae
262 433 285 471 ab
299 433 322 470 iis
338 438 435 483 separatae
450 434 541 482 luissent,
562 436 660 477 transiisse
676 436 774 485 dicuntur,
790 439 825 478 sub

96 511 119 538 eo
133 504 259 540 remanentes.
274 498 309 537 His
321 498 394 538 duabus
408 500 480 539 ultimis
494 501 588 540 minorum
601 502 673 542 alarum
687 515 721 544 seu
736 506 824 556 capitum,

95 579 144 617 qrtae
157 567 213 607 exitati
222 567 278 606 trium
287 566 383 616 majorum
399 567 481 618 capitum
496 558 609 619 superstites
618 569 693 617 fuerint,
700 599 701 602 =
708 571 755 624 Lep
762 573 824 612 idum

94 640 114 687 et
128 634 260 674 Antonium
275 629 389 684 significari,
405 634 434 673 vix
449 634 529 674 dubitari
544 641 612 687 potest.
640 639 731 690 Vogelius
748 639 824 690 quidem

93 703 230 741 Antonium
249 706 268 740 et
287 701 419 740 Octavium
434 699 515 741 innuit¹
543 703 582 742 Sed
597 704 727 752 obliviscitur,
750 707 823 746 Octa-

93 770 156 809 vium
177 782 215 809 non
230 782 290 819 posse
305 781 363 808 unum
378 781 401 807 en
423 770 497 809 duobus
513 772 583 810 ultimis
598 773 723 822 aspirantibus
739 774 773 813 alis
789 786 824 813 seu

94 838 188 890 capitibus
203 836 273 882 fuisse,
290 848 338 887 quae
353 848 362 876 a
376 836 435 877 sociis
451 837 489 876 suis
506 842 604 889 separatae
616 841 654 879 sint
668 844 687 880 et
698 839 750 891 juxta
766 841 823 881 Cae,-

92 916 176 943 sarem
191 917 212 942 se
228 904 347 947 collocarint,
363 900 451 952 qnoniam
466 909 510 953 post
520 906 641 944 interfectum
656 910 775 952 avunculum,
790 909 823 946 uhi
846 953 849 964 Ι

92 973 174 1020 primum
189 983 240 1010 arma
255 972 316 1022 gessit
334 974 399 1009 eontra
419 971 553 1011 Antonium
574 977 593 1011 et
611 972 744 1024 Lepidum,
770 980 823 1014 octo·

93 1038 156 1078 decim
170 1044 242 1079 tantum
258 1051 318 1079 annos
334 1042 388 1077 natus
404 1050 448 1078 esse
463 1038 536 1086 dicitur.

146 1107 211 1145 Posito
225 1107 291 1157 igitur,
310 1104 431 1156 Lepidum
445 1109 464 1144 et
478 1106 609 1146 Antonium
624 1109 711 1150 duobis
726 1112 822 1151 ultimis

92 1179 136 1213 octo
150 1175 245 1213 minorum
259 1175 340 1224 capitum
350 1173 458 1224 significari,
473 1174 577 1219 videamus,
593 1177 638 1226 quid
652 1177 676 1214 de
690 1178 720 1216 his
730 1184 821 1219 narretur.

92 1240 206 1291 „Erigebant
225 1253 269 1280 sese
291 1240 315 1280 ad
333 1239 459 1291 regnandum,
485 1245 504 1279 et
522 1251 596 1292 ungues
617 1254 684 1282 eorum
699 1245 821 1294 agitabantur.

92 1308 132 1348 Sed
151 1314 219 1360 postea
241 1310 317 1361 etipsa
336 1309 445 1359 perierunt,
474 1312 493 1347 et
512 1312 573 1348 totum
591 1321 658 1349 eorum
678 1322 748 1361 corpus
770 1324 822 1351 com-

89 1377 168 1418 bustum
183 1383 231 1418 est.“
252 1380 288 1424 „Et
300 1383 351 1417 terra
366 1377 421 1417 valde
436 1377 528 1427 expavit,“
544 1378 588 1428 Gap.
598 1377 636 1424 ΧΠ,
652 1382 670 1418 3.
681 1383 699 1417 4.
711 1383 728 1419 5.
743 1382 819 1424 lterum,

90 1446 122 1485 ubi
137 1447 215 1498 angelus
229 1448 288 1486 Errae
303 1446 352 1486 banc
367 1445 447 1486 visionis
461 1449 534 1494 panem
547 1446 692 1497 interpretatur:
708 1447 740 1492 „hi
756 1451 820 1493 sunt“,

90 1514 125 1559 ait,
141 1524 204 1565 „quos
219 1514 342 1565 conservavit
352 1512 461 1551 Altissimus
475 1512 500 1549 in
518 1512 594 1550 finem
614 1525 695 1559 sunm,
716 1514 736 1562 in
752 1515 820 1565 quibus

91 1582 126 1621 erit
138 1582 212 1621 initium
222 1581 271 1627 finis,
287 1585 305 1621 et
318 1582 353 1621 erit
363 1591 431 1631 magna
440 1579 527 1625 turbatio,
541 1584 562 1619 nt
572 1580 654 1625 vidistis*
671 1582 715 1631 Gap.
726 1581 777 1627 Xlll‚=
788 1585 821 1622 35.

91 1648 172 1702 Quibus
181 1647 244 1690 verbis
259 1660 303 1687 cnm
316 1646 408 1698 Lepidi
427 1651 446 1686 et
459 1647 567 1694 Antonii
586 1647 653 1693 exitio,
679 1648 820 1699 quiad-linem

90 1717 180 1756 reservati
195 1720 250 1760 sunt,
272 1715 322 1754 clare
336 1715 418 1754 nectitur
431 1715 527 1765 integrum
540 1714 637 1753 Romanae
652 1714 681 1754 r'e'i
695 1715 795 1755 excidium.
837 1726 839 1729 ’

137 1772 207 1821 'Unde
215 1781 368 1824 concludendum
382 1780 466 1826 videtur,
488 1781 642 1820 Pseudo-anam
655 1785 703 1837 post*
713 1782 820 1821 Antonii

91 1849 163 1889 obitum
186 1850 294 1899 scripsisse
322 1848 408 1889 Eundem
429 1859 474 1889 vero
496 1854 539 1888 ante
558 1860 638 1899 regnum
659 1850 681 1887 ah
698 1849 820 1895 Octavio,

65 1957 66 1960 ,
90 1917 125 1957 sub
135 1918 189 1958 titulo
198 1918 314 1969 Augusti,
325 1921 436 1968 susceptum
446 1917 554 1968 scripsisse,
567 1917 613 1956 mihi
625 1929 664 1956 non
674 1916 737 1957 minus
748 1922 821 1957 certum

89 1986 169 2025 videtur.
197 1986 245 2025 Nam
260 1987 276 2024 si
290 1990 358 2036 postea
373 1984 493 2023 condidisset
506 1984 574 2024 librum
589 1996 654 2030 suum,
669 1997 713 2023 num
729 1985 820 2024 credibile

90 2059 131 2099 est,
147 2064 200 2092 ,eum
214 2052 266 2091 illins
279 2054 334 2103 regni
348 2050 470 2102 splendorem
485 2056 541 2103 atque
555 2050 699 2102 amplitudinem
713 2052 761 2092 adeo
776 2065 821 2104 neg-

89 2119 189 2163 lecturum,
206 2119 304 2158 etRomae
320 2128 430 2169 supremum
444 2118 495 2157 diem
510 2128 553 2156 cum
563 2118 641 2166 Antonii
654 2118 697 2157 fatis
709 2117 820 2166 iuncturam

89 2187 165 2226 fuisse?
193 2172 301 2225 Verisimile
319 2188 383 2237 itaque
397 2186 482 2230 uidetur,
508 2186 610 2240 scripsisse
630 2197 673 2224 euin
687 2186 737 2224 inter
751 2198 821 2225 annum
856 2202 859 2208 *¹

90 2254 202 2294 vicesimum
213 2257 304 2308 ¹octavum
324 2253 488 2298 antechristum,
511 2265 549 2303 quo
564 2253 695 2290 Antonius
715 2264 737 2292 se
756 2255 820 2304 ipsum

90 2321 160 2361 occidit
173 2322 193 2361 in
204 2321 298 2372 Aegypto,
314 2326 333 2361 et
347 2333 417 2361 annum
426 2322 539 2361 vicesimum
554 2321 641 2372 quintum
656 2321 743 2371 ejusdem
758 2332 819 2366 aerae,

91 2399 128 2438 qno
149 2389 231 2439 primum
246 2388 371 2428 Octavius
393 2388 475 2439 Augusti
495 2388 570 2427 titulum
589 2386 695 2438 adoptavit,
719 2387 821 2438 imperium

91 2446 188 2502 condens,
213 2457 267 2506 crpus
286 2457 416 2512 magnitudine
437 2468 504 2496 omnes
526 2461 580 2496 antea
602 2461 634 2496 aut
655 2456 769 2495 constitutae
789 2459 821 2493 aut

50 2553 53 2558 .
90 2529 172 2564 tentatae
187 2522 326 2563 dominationes
342 2522 489 2576 superabantur.'
531 2564 533 2566 ,

136 2682 154 2723 1)
166 2682 211 2716 linae
224 2684 254 2718 trac
266 2693 343 2727 pennae,
362 2694 383 2716 en
394 2692 414 2716 co
427 2688 485 2724 ortae,
498 2688 546 2716 eruut
557 2682 637 2716 Antonius
653 2687 670 2715 et
681 2681 764 2723 Octavius,
777 2692 820 2725 quo·

90 2750 124 2772 rurn
137 2750 215 2783 regnum,
229 2747 267 2774 ante
279 2740 359 2784 proelium
371 2739 464 2774 Mutinense
476 2745 493 2774 et
505 2740 599 2773 societatem
612 2739 655 2773 inter·
666 2749 684 2771 sc
697 2737 764 2780 initam,
776 2736 819 2771 exile

91 2787 126 2830 erat
138 2804 154 2829 ot
167 2796 261 2830 turbatione
273 2798 347 2840 plenum,
367 2810 382 2841 p.
395 2795 420 2829 51.
