1841 3177
141 759 145 763 ’
187 744 446 839 1111111111)
469 770 697 838 neironis.

147 1029 223 1079 lntcr
248 1044 344 1079 omnes
360 1015 483 1079 eruditos
504 1034 617 1086 constat,
650 1029 752 1093 optime
775 1027 808 1077 de

81 1108 220 1177 theologia
232 1113 260 1157 et
270 1107 477 1174 antiquitatibus
486 1112 543 1170 tam
557 1107 713 1176 christianis
728 1122 806 1174 quam

38 1181 50 1237 ἶ)
78 1185 347 1255 31111310181111111118811
369 1192 519 1244 Riobmdum
538 1193 715 1246 Incommodum,
736 1188 808 1251 episss

83 1277 181 1332 copum
199 1265 332 1333 Anglum‚
355 1282 418 1316 cum
436 1267 489 1316 tria
508 1270 602 1315 vetera
621 1265 721 1330 scripta
744 1280 808 1329 apo-

83 1343 193 1411 crypha:
211 1344 319 1396 Enochi
330 1344 471 1408 videlicet,
492 1345 666 1396 ascensionis·
677 1343 766 1394 Isaiae
783 1348 810 1393 et
829 1360 835 1364 ⁷

82 1422 188 1474 Esclrae
203 1422 289 1475 libros
306 1441 341 1475 ex
354 1423 491 1474 ambarico
503 1422 604 1474 (lodice
616 1422 700 1472 latine
715 1437 810 1472 versos

82 1503 112 1553 in
128 1502 219 1553 lucem
234 1501 334 1554 ederet.
353 1501 461 1553 Enocbi
472 1502 549 1564 liber,
561 1501 607 1568 qui
618 1499 729 1553 (iluisto
745 1507 809 1551 nato

85 1581 205 1631 anterior
219 1585 273 1643 cst,
290 1596 370 1646 quem
382 1580 532 1646 Apostolus
546 1579 632 1629 ludas
647 1580 676 1628 in
688 1594 738 1628 sua
753 1581 809 1644 epi-

84 1658 155 1708 stola
178 1661 272 1727 (uersu
296 1657 341 1727 14)
370 1666 398 1709 et
425 1652 580 1724 complures
603 1658 810 1724 antiquissimae

85 1737 215 1787 ecclesiae
230 1743 323 1804 patres
335 1738 459 1801 laudant,
482 1743 513 1787 ut
530 1744 558 1788 et
574 1737 662 1788 Isaiae
673 1727 810 1800 ascensio,

83 1816 180 1865 multis
204 1816 318 1866 secuncli
341 1817 428 1865 seculi
452 1817 644 1884 scriptoribus,
666 1817 810 1880 praecipue
850 1825 852 1830 '

146 1896 232 1957 stiois⁷
246 1896 363 1963 cognita,
376 1895 408 1946 ab
422 1893 572 1945 nono'inde
583 1893 676 1944 seculo
687 1895 727 1943 ita
741 1895 809 1944 inte-

83 1975 199 2036 rierant,
216 1980 247 2023 ut
261 1980 369 2039 praeter
386 1974 490 2040 aliquot
508 1974 660 2041 fragmenta
676 1973 746 2023 nihil
763 1990 810 2023 su·
842 2034 843 2038 Ἰ

83 2058 214 2116 peresset.
239 2051 390 2121 Sexaginta
407 2051 519 2104 tandem
530 2052 610 2103 annis
627 2051 725 2103 abhinc
740 2051 810 2104 Bru-

84 2132 122 2180 c‘'
165 2131 273 2199 Anglus
294 2133 451 2182 versionem
475 2131 639 2182 ambaricam
664 2135 810 2200 utriusque

83 2213 177 2275 scripti
195 2212 224 2260 in
242 2211 334 2261 Africa
351 2210 496 2274 detectam,
521 2211 555 2261 ad
576 2217 810 2277 nostrostractus

83 2285 208 2352 pertulit,
227 2304 260 2338 cx
279 2304 331 2356 qua
349 2289 518 2339 Laurentius
535 2289 680 2340 Enochum
697 2290 810 2355 anglice,
871 2331 874 2339 ,,

83 2369 273 2431 ascensionem
289 2369 376 2419 isaiae
396 2384 461 2420 vero
476 2368 561 2419 latine
578 2367 670 2419 edidit.
705 2368 811 2419 Esdrae

83 2444 152 2496 liber
169 2455 281 2514 quartus
298 2464 355 2498 non
371 2463 497 2514 prorsus,
513 2455 545 2497 ut
563 2447 682 2518 lincoln,
699 2450 810 2498 interci-
865 2484 866 2487 ,

84 2524 172 2590 cierat,
189 2528 314 2592 pervenit
333 2528 407 2577 enim
426 2526 459 2576 ad
475 2542 527 2576 nos
544 2533 652 2592 praeter
668 2528 810 2589 arabicam,

83 2610 163 2654 vetus
180 2608 272 2656 versio
290 2606 391 2668 latina,
405 2622 477 2672 quae
492 2607 522 2657 iu
539 2606 666 2676 vulgatae
684 2606 811 2656 editioni-

83 2681 135 2753 bus
149 2684 221 2735 haud
234 2687 329 2751 paucis
343 2686 495 2749 invenitur,
509 2691 618 2753 atquea
634 2684 811 2735 celeberrimo
861 2682 863 2685 ’

84 2758 210 2815 Fabricio
225 2781 292 2816 suae
305 2755 461 2816 collectioni
477 2758 693 2834 apocryphorum
710 2766 810 2815 veteris
