1807 3145
347 185 386 219 vita
396 183 469 221 merlini.

39 303 132 345 Producit
145 304 243 345 volucrem
257 304 319 356 pulvis
334 303 360 351 de,
373 316 454 356 corpore
467 303 531 349 lacto,
544 300 551 325 1
586 319 587 322 ¹

39 374 62 412 lit
75 370 96 411 fit
109 372 155 411 item
169 373 252 422 phoenix
266 374 303 412 hac
317 373 360 424 lege
375 376 444 414 novate
457 384 492 424 per
506 373 592 413 acvurn.“

96 507 209 554 „Nidificare
223 509 291 549 volens
305 508 342 549 lert
356 509 433 548 cinnom
449 507 488 560 [on]
504 508 676 560 eincmolgus,

40 574 170 627 Aedificatque
186 587 242 617 suum
255 587 339 627 procero
353 575 424 616 robore
438 574 516 616 nidum:
662 597 676 622 s

39 643 93 682 illino
106 646 193 695 pennatis
208 644 295 684 homines
310 644 406 684 abducere
419 645 463 685 telis

39 709 141 752 Moverunt
154 713 251 753 cumulum
266 712 318 753 soliti
331 714 459 754 transmittere
473 717 562 755 venum.“

96 844 217 896 „AleionQ
231 848 270 888 aris
286 851 327 893 est,
344 859 394 898 quae
409 852 475 899 stagna
489 850 562 887 marina
576 844 696 900 frequentat,

39 915 169 966 Aedificatque
184 927 230 954 suos
244 914 320 954 hiemali
333 918 421 965 tempore
435 915 502 954 nidos:

39 984 89 1024 Dum
104 982 170 1028 cubat,
186 992 269 1034 aequora
284 985 328 1022 suut
342 986 416 1033 septem
429 981 531 1035 tranquilla
547 981 626 1029 diebus,

39 1052 62 1091 Et
75 1051 126 1092 venti
141 1055 229 1095 cessant,
243 1054 407 1101 tempestatesque
422 1051 516 1092 remissae

39 1116 157 1170 inpendunt,
171 1116 266 1168 plaudam
280 1117 353 1157 volucri
367 1118 475 1158 famulando
491 1119 593 1170 qrrietcm.“

95 1254 228 1299 „Psitacus
243 1253 345 1293 humanam
358 1253 424 1304 propri
438 1252 463 1306 [o]
479 1252 609 1295 modulamine
623 1266 691 1296 vocem

39 1321 89 1361 Dum
104 1332 143 1360 non
157 1324 254 1370 spectatur
267 1331 346 1371 prorsus
360 1321 446 1371 prolerre
459 1325 546 1372 putatur:
598 1339 599 1342 =

39 1389 162 1428 intermiscet
176 1391 237 1436 ‚,ave“
252 1387 316 1428 verbis
332 1391 351 1427 et
366 1388 462 1434 „chacre“
477 1389 572 1439 jocosis.“

95 1526 142 1572 „Est
155 1524 292 1576 pelicanus
307 1524 346 1564 aris
360 1524 423 1574 pullos
439 1529 532 1565 consueta
547 1537 631 1573 necare,

39 1596 63 1635 Et
78 1595 157 1632 confusa
170 1593 231 1631 tribus
246 1593 312 1643 lugere
328 1591 394 1632 dolore
411 1592 484 1632 diebus.

40 1661 63 1701 Dt
77 1660 167 1700 scindens
181 1671 240 1701 venas
256 1658 320 1699 educit
335 1660 432 1712 sanguinis
448 1660 521 1705 undas,

39 1731 63 1772 m
76 1730 126 1771 vitae
140 1729 221 1770 reduces
236 1728 299 1769 reddit
313 1729 395 1769 rorando
410 1729 519 1771 volueres.“

96 1878 159 1926 „Tum
173 1876 326 1917 Diomedeae
341 1876 443 1916 lacrimosa
456 1888 504 1917 voce
518 1878 612 1918 resultant

39 1950 63 1990 Et
77 1949 149 1987 faciunt
161 1947 262 1998 planctus,
278 1946 359 1986 suhitam
373 1945 489 1997 portendere
503 1951 585 1987 mortem

39 2018 133 2055 Dicuntur
147 2027 224 2065 regum,
239 2015 270 2054 vel
285 2026 353 2065 magna
367 2014 451 2065 pericula
466 2016 531 2067 regni:

41 2084 126 2136 Cumque
140 2082 206 2126 rident
220 2081 312 2134 aliquem,
328 2080 441 2121 discernunt
454 2081 506 2121 illico
522 2082 564 2134 quis
579 2082 615 2129 sit,

39 2153 133 2193 Barbarus
149 2164 172 2192 an
187 2149 283 2197 Graecus;
297 2147 341 2191 nam
356 2150 451 2190 Graecum
464 2152 563 2202 plausibus
578 2152 619 2193 alae

39 2222 63 2262 m
76 2221 211 2261 blandimentis
226 2219 306 2267 adeunt,
321 2220 421 2273 laetaeque
436 2220 540 2266 resultant;

41 2289 145 2328 circueunt
160 2288 216 2334 alios,
231 2289 339 2338 pennisque
353 2289 440 2327 feruntur
453 2288 535 2337 iniquis⁷

40 2357 168 2407 Horrentique
184 2367 232 2395 sono
247 2353 299 2396 velut
312 2354 378 2394 hostes
392 2352 545 2407 aggrediuntur.“

96 2501 276 2550 „Memnonides
292 2489 357 2554 quinto
373 2513 450 2552 semper
464 2500 553 2542 dicuntur
566 2503 587 2544 in
602 2515 652 2544 anno
690 2521 691 2524 ¹

41 2571 143 2611 Menncnis
159 2569 182 2610 ad
196 2569 289 2610 tumulum
303 2570 361 2620 longo
376 2580 463 2609 remeare
477 2570 554 2618 volatu,

40 2641 63 2682 Et
77 2640 148 2681 dedere
163 2639 232 2679 ducem
247 2636 330 2689 Trojano
345 2636 406 2679 lilarte
420 2641 560 2691 peremptum.“

87 2833 104 2878 1)
116 2835 144 2873 Sic
154 2845 184 2872 ms.
196 2844 226 2882 pro
240 2833 307 2871 factat
329 2831 347 2877 2)
359 2833 454 2882 Aleion,
466 2844 495 2873 ms.
506 2835 591 2872 mendose.
