<?xml version="1.0" encoding="UTF-8"?>
<!DOCTYPE html PUBLIC "-//W3C//DTD XHTML 1.0 Transitional//EN"
    "http://www.w3.org/TR/xhtml1/DTD/xhtml1-transitional.dtd">
<html xmlns="http://www.w3.org/1999/xhtml" xml:lang="en" lang="en">
 <head>
  <title>
</title>
<meta http-equiv="Content-Type" content="text/html;charset=utf-8" />
  <meta name='ocr-system' content='tesseract 3.04.00' />
  <meta name='ocr-capabilities' content='ocr_page ocr_carea ocr_par ocr_line ocrx_word'/>
</head>
<body>
  <div class='ocr_page' id='page_1' title='image "./MN41907ucmf_4_0327.png"; bbox 0 0 1807 3145; ppageno 0'>
   <div class='ocr_carea' id='block_1_1' title="bbox 354 219 781 293">
    <p class='ocr_par' dir='ltr' id='par_1_1' title="bbox 354 219 781 293">
     <span class='ocr_line' id='line_1_1' title="bbox 354 219 781 293; baseline 0.054 -24"><span class='ocrx_word' id='word_1_1' title='bbox 354 233 417 270; x_wconf 75' lang='lat' dir='ltr'>suoru</span> <span class='ocrx_word' id='word_1_2' title='bbox 429 236 478 271; x_wconf 74' lang='lat' dir='ltr'>liber.</span> <span class='ocrx_word' id='word_1_3' title='bbox 720 219 722 221; x_wconf 21' lang='grc' dir='ltr'>Ι</span> <span class='ocrx_word' id='word_1_4' title='bbox 741 252 781 293; x_wconf 70' lang='lat'>295</span> 
     </span>
    </p>
   </div>
   <div class='ocr_carea' id='block_1_2' title="bbox 49 353 782 2589">
    <p class='ocr_par' dir='ltr' id='par_1_2' title="bbox 53 353 782 883">
     <span class='ocr_line' id='line_1_2' title="bbox 54 353 780 415; baseline 0.004 -20"><span class='ocrx_word' id='word_1_5' title='bbox 54 353 172 397; x_wconf 86' lang='lat' dir='ltr'>Salomonis,</span> <span class='ocrx_word' id='word_1_6' title='bbox 195 353 249 404; x_wconf 88' lang='lat' dir='ltr'>cujus</span> <span class='ocrx_word' id='word_1_7' title='bbox 270 365 371 406; x_wconf 85' lang='lat' dir='ltr'>personam</span> <span class='ocrx_word' id='word_1_8' title='bbox 392 355 475 406; x_wconf 88' lang='lat' dir='ltr'>scriptor</span> <span class='ocrx_word' id='word_1_9' title='bbox 496 355 538 405; x_wconf 85' lang='lat' dir='ltr'>ejus</span> <span class='ocrx_word' id='word_1_10' title='bbox 560 361 651 406; x_wconf 63' lang='lat' dir='ltr'>assurum</span> <span class='ocrx_word' id='word_1_11' title='bbox 671 364 713 415; x_wconf 80' lang='lat' dir='ltr'>quis</span> <span class='ocrx_word' id='word_1_12' title='bbox 734 377 780 406; x_wconf 60' lang='lat' dir='ltr'>vero</span> 
     </span>
     <span class='ocr_line' id='line_1_3' title="bbox 54 419 782 478; baseline 0.018 -17"><span class='ocrx_word' id='word_1_13' title='bbox 54 419 97 463; x_wconf 84' lang='lat' dir='ltr'>inde</span> <span class='ocrx_word' id='word_1_14' title='bbox 112 420 219 467; x_wconf 87' lang='lat' dir='ltr'>concludet,</span> <span class='ocrx_word' id='word_1_15' title='bbox 234 433 278 462; x_wconf 83' lang='lat' dir='ltr'>uere</span> <span class='ocrx_word' id='word_1_16' title='bbox 293 422 316 461; x_wconf 91' lang='lat' dir='ltr'>ab</span> <span class='ocrx_word' id='word_1_17' title='bbox 330 422 421 472; x_wconf 86' lang='lat' dir='ltr'>inspirato</span> <span class='ocrx_word' id='word_1_18' title='bbox 435 424 468 461; x_wconf 89' lang='lat' dir='ltr'>iilo</span> <span class='ocrx_word' id='word_1_19' title='bbox 483 437 528 475; x_wconf 79' lang='lat' dir='ltr'>rege</span> <span class='ocrx_word' id='word_1_20' title='bbox 543 429 669 478; x_wconf 84' lang='lat' dir='ltr'>compositum</span> <span class='ocrx_word' id='word_1_21' title='bbox 683 433 745 473; x_wconf 81' lang='lat' dir='ltr'>esse?</span> <span class='ocrx_word' id='word_1_22' title='bbox 760 433 782 474; x_wconf 88' lang='lat' dir='ltr'>Si</span> 
     </span>
     <span class='ocr_line' id='line_1_4' title="bbox 54 488 780 545; baseline 0.018 -15"><span class='ocrx_word' id='word_1_23' title='bbox 54 498 115 530; x_wconf 89' lang='lat' dir='ltr'>tamen</span> <span class='ocrx_word' id='word_1_24' title='bbox 130 488 163 528; x_wconf 92' lang='lat' dir='ltr'>illo</span> <span class='ocrx_word' id='word_1_25' title='bbox 179 494 265 542; x_wconf 85' lang='lat' dir='ltr'>tempore</span> <span class='ocrx_word' id='word_1_26' title='bbox 279 491 362 537; x_wconf 79' lang='lat' dir='ltr'>fuerumt,</span> <span class='ocrx_word' id='word_1_27' title='bbox 378 491 409 543; x_wconf 84' lang='lat' dir='ltr'>qui</span> <span class='ocrx_word' id='word_1_28' title='bbox 419 492 492 531; x_wconf 87' lang='lat' dir='ltr'>Enoohi</span> <span class='ocrx_word' id='word_1_29' title='bbox 503 492 571 533; x_wconf 90' lang='lat' dir='ltr'>librum</span> <span class='ocrx_word' id='word_1_30' title='bbox 582 497 684 545; x_wconf 79' lang='lat' dir='ltr'>genuinum</span> <span class='ocrx_word' id='word_1_31' title='bbox 695 501 780 543; x_wconf 86' lang='lat' dir='ltr'>credide·</span> 
     </span>
     <span class='ocr_line' id='line_1_5' title="bbox 53 556 780 622; baseline 0.015 -25"><span class='ocrx_word' id='word_1_32' title='bbox 53 560 99 601; x_wconf 84' lang='lat' dir='ltr'>rint,</span> <span class='ocrx_word' id='word_1_33' title='bbox 121 556 168 596; x_wconf 85' lang='lat' dir='ltr'>haec</span> <span class='ocrx_word' id='word_1_34' title='bbox 188 570 220 597; x_wconf 87' lang='lat' dir='ltr'>res</span> <span class='ocrx_word' id='word_1_35' title='bbox 240 570 278 597; x_wconf 89' lang='lat' dir='ltr'>non</span> <span class='ocrx_word' id='word_1_36' title='bbox 296 559 343 598; x_wconf 83' lang='lat' dir='ltr'>tanti</span> <span class='ocrx_word' id='word_1_37' title='bbox 362 559 452 599; x_wconf 85' lang='lat' dir='ltr'>momenti</span> <span class='ocrx_word' id='word_1_38' title='bbox 471 565 513 604; x_wconf 76' lang='lat' dir='ltr'>esi,</span> <span class='ocrx_word' id='word_1_39' title='bbox 536 563 599 613; x_wconf 71' lang='lat' dir='ltr'>erranti</span> <span class='ocrx_word' id='word_1_40' title='bbox 614 565 674 615; x_wconf 89' lang='lat' dir='ltr'>primo</span> <span class='ocrx_word' id='word_1_41' title='bbox 689 567 780 622; x_wconf 79' lang='lat' dir='ltr'>adspectu</span> 
     </span>
     <span class='ocr_line' id='line_1_6' title="bbox 53 623 780 687; baseline 0.021 -23"><span class='ocrx_word' id='word_1_42' title='bbox 53 625 110 668; x_wconf 80' lang='lat' dir='ltr'>videri</span> <span class='ocrx_word' id='word_1_43' title='bbox 128 630 198 675; x_wconf 84' lang='lat' dir='ltr'>potest.</span> <span class='ocrx_word' id='word_1_44' title='bbox 226 626 273 666; x_wconf 89' lang='lat' dir='ltr'>Nam</span> <span class='ocrx_word' id='word_1_45' title='bbox 293 638 406 678; x_wconf 81' lang='lat' dir='ltr'>qrraruquum</span> <span class='ocrx_word' id='word_1_46' title='bbox 428 626 476 667; x_wconf 89' lang='lat' dir='ltr'>liber</span> <span class='ocrx_word' id='word_1_47' title='bbox 492 641 502 668; x_wconf 83' lang='lat' dir='ltr'>a</span> <span class='ocrx_word' id='word_1_48' title='bbox 516 628 588 669; x_wconf 82' lang='lat' dir='ltr'>Judeeo</span> <span class='ocrx_word' id='word_1_49' title='bbox 608 623 727 687; x_wconf 78' lang='lat' dir='ltr'>conscriptus</span> <span class='ocrx_word' id='word_1_50' title='bbox 749 640 780 685; x_wconf 87' lang='lat' dir='ltr'>sit,</span> 
     </span>
     <span class='ocr_line' id='line_1_7' title="bbox 53 692 780 747; baseline 0.008 -13"><span class='ocrx_word' id='word_1_51' title='bbox 53 698 117 737; x_wconf 75' lang='lat' dir='ltr'>auctor</span> <span class='ocrx_word' id='word_1_52' title='bbox 137 692 179 742; x_wconf 79' lang='lat' dir='ltr'>ejus</span> <span class='ocrx_word' id='word_1_53' title='bbox 197 698 262 745; x_wconf 84' lang='lat' dir='ltr'>potest</span> <span class='ocrx_word' id='word_1_54' title='bbox 280 705 319 732; x_wconf 88' lang='lat' dir='ltr'>nou</span> <span class='ocrx_word' id='word_1_55' title='bbox 338 694 356 732; x_wconf 91' lang='lat' dir='ltr'>in</span> <span class='ocrx_word' id='word_1_56' title='bbox 375 693 481 734; x_wconf 84' lang='lat' dir='ltr'>Palaestina</span> <span class='ocrx_word' id='word_1_57' title='bbox 500 697 605 744; x_wconf 65' lang='lat' dir='ltr'>habitarem</span> <span class='ocrx_word' id='word_1_58' title='bbox 625 704 650 741; x_wconf 87' lang='lat' dir='ltr'>ita</span> <span class='ocrx_word' id='word_1_59' title='bbox 665 711 684 743; x_wconf 85' lang='lat' dir='ltr'>ut</span> <span class='ocrx_word' id='word_1_60' title='bbox 699 718 722 744; x_wconf 73' lang='lat' dir='ltr'>nx</span> <span class='ocrx_word' id='word_1_61' title='bbox 737 709 780 747; x_wconf 63' lang='lat' dir='ltr'>aba,</span> 
     </span>
     <span class='ocr_line' id='line_1_8' title="bbox 53 762 780 815; baseline 0.012 -10"><span class='ocrx_word' id='word_1_62' title='bbox 53 771 71 806; x_wconf 88' lang='lat' dir='ltr'>et</span> <span class='ocrx_word' id='word_1_63' title='bbox 85 769 106 802; x_wconf 88' lang='lat' dir='ltr'>ut.</span> <span class='ocrx_word' id='word_1_64' title='bbox 120 762 208 814; x_wconf 81' lang='lat' dir='ltr'>equidem</span> <span class='ocrx_word' id='word_1_65' title='bbox 225 762 304 814; x_wconf 82' lang='lat' dir='ltr'>opinor.</span> <span class='ocrx_word' id='word_1_66' title='bbox 324 763 451 803; x_wconf 82' lang='lat' dir='ltr'>remotissima</span> <span class='ocrx_word' id='word_1_67' title='bbox 466 769 515 805; x_wconf 84' lang='lat' dir='ltr'>terra</span> <span class='ocrx_word' id='word_1_68' title='bbox 530 766 548 806; x_wconf 88' lang='lat' dir='ltr'>in</span> <span class='ocrx_word' id='word_1_69' title='bbox 563 765 653 809; x_wconf 81' lang='lat' dir='ltr'>Judaeum</span> <span class='ocrx_word' id='word_1_70' title='bbox 668 770 734 813; x_wconf 81' lang='lat' dir='ltr'>dilatus</span> <span class='ocrx_word' id='word_1_71' title='bbox 749 775 780 815; x_wconf 81' lang='lat' dir='ltr'>sit.</span> 
     </span>
     <span class='ocr_line' id='line_1_9' title="bbox 55 831 779 883; baseline 0.014 -12"><span class='ocrx_word' id='word_1_72' title='bbox 55 833 95 880; x_wconf 83' lang='lat' dir='ltr'>Qua</span> <span class='ocrx_word' id='word_1_73' title='bbox 110 833 238 883; x_wconf 59' lang='lat' dir='ltr'>re‘originem</span> <span class='ocrx_word' id='word_1_74' title='bbox 254 831 295 883; x_wconf 83' lang='lat' dir='ltr'>rjus</span> <span class='ocrx_word' id='word_1_75' title='bbox 311 831 426 872; x_wconf 65' lang='lat' dir='ltr'><strong>obscuritate</strong></span> <span class='ocrx_word' id='word_1_76' title='bbox 442 832 542 873; x_wconf 83' lang='lat' dir='ltr'>obductam</span> <span class='ocrx_word' id='word_1_77' title='bbox 558 835 617 877; x_wconf 84' lang='lat' dir='ltr'>luisse</span> <span class='ocrx_word' id='word_1_78' title='bbox 628 840 731 881; x_wconf 86' lang='lat' dir='ltr'>uerisimile</span> <span class='ocrx_word' id='word_1_79' title='bbox 744 847 779 882; x_wconf 82' lang='lat' dir='ltr'>est</span> 
     </span>
    </p>

    <p class='ocr_par' dir='ltr' id='par_1_3' title="bbox 49 901 781 2306">
     <span class='ocr_line' id='line_1_10' title="bbox 107 901 781 960; baseline 0.018 -22"><span class='ocrx_word' id='word_1_80' title='bbox 107 901 210 939; x_wconf 82' lang='lat' dir='ltr'>ductorem</span> <span class='ocrx_word' id='word_1_81' title='bbox 225 905 288 939; x_wconf 86' lang='lat' dir='ltr'>autern</span> <span class='ocrx_word' id='word_1_82' title='bbox 303 912 341 940; x_wconf 89' lang='lat' dir='ltr'>nou</span> <span class='ocrx_word' id='word_1_83' title='bbox 356 901 374 939; x_wconf 90' lang='lat' dir='ltr'>in</span> <span class='ocrx_word' id='word_1_84' title='bbox 389 901 494 941; x_wconf 71' lang='lat' dir='ltr'>Palaestina</span> <span class='ocrx_word' id='word_1_85' title='bbox 510 902 615 949; x_wconf 71' lang='lat' dir='ltr'>habitasse,</span> <span class='ocrx_word' id='word_1_86' title='bbox 637 919 659 944; x_wconf 87' lang='lat' dir='ltr'>ex</span> <span class='ocrx_word' id='word_1_87' title='bbox 674 909 698 946; x_wconf 90' lang='lat' dir='ltr'>iis</span> <span class='ocrx_word' id='word_1_88' title='bbox 718 913 781 960; x_wconf 82' lang='lat' dir='ltr'>sequi-</span> 
     </span>
     <span class='ocr_line' id='line_1_11' title="bbox 53 968 781 1028; baseline 0.008 -21"><span class='ocrx_word' id='word_1_89' title='bbox 53 973 92 1013; x_wconf 80' lang='lat' dir='ltr'>tur,</span> <span class='ocrx_word' id='word_1_90' title='bbox 117 977 165 1017; x_wconf 83' lang='lat' dir='ltr'>qrrae</span> <span class='ocrx_word' id='word_1_91' title='bbox 189 970 251 1019; x_wconf 83' lang='lat' dir='ltr'>capue</span> <span class='ocrx_word' id='word_1_92' title='bbox 274 968 497 1019; x_wconf 71' lang='lat' dir='ltr'>septuagesiruo&#39;primo</span> <span class='ocrx_word' id='word_1_93' title='bbox 520 970 543 1009; x_wconf 83' lang='lat' dir='ltr'>de</span> <span class='ocrx_word' id='word_1_94' title='bbox 566 972 637 1012; x_wconf 83' lang='lat' dir='ltr'>dierum</span> <span class='ocrx_word' id='word_1_95' title='bbox 662 976 781 1028; x_wconf 75' lang='lat' dir='ltr'>longitndine</span> 
     </span>
     <span class='ocr_line' id='line_1_12' title="bbox 53 1035 781 1091; baseline 0.015 -16"><span class='ocrx_word' id='word_1_96' title='bbox 53 1035 132 1076; x_wconf 85' lang='lat' dir='ltr'>dirersis</span> <span class='ocrx_word' id='word_1_97' title='bbox 147 1036 190 1074; x_wconf 88' lang='lat' dir='ltr'>anni</span> <span class='ocrx_word' id='word_1_98' title='bbox 205 1035 323 1086; x_wconf 86' lang='lat' dir='ltr'>temporibus</span> <span class='ocrx_word' id='word_1_99' title='bbox 338 1035 395 1074; x_wconf 87' lang='lat' dir='ltr'>relata</span> <span class='ocrx_word' id='word_1_100' title='bbox 410 1035 496 1087; x_wconf 81' lang='lat' dir='ltr'>legimus.</span> <span class='ocrx_word' id='word_1_101' title='bbox 525 1037 559 1077; x_wconf 88' lang='lat' dir='ltr'>His</span> <span class='ocrx_word' id='word_1_102' title='bbox 574 1044 624 1079; x_wconf 82' lang='lat' dir='ltr'>tantu</span> <span class='ocrx_word' id='word_1_103' title='bbox 639 1040 689 1083; x_wconf 86' lang='lat' dir='ltr'>inest</span> <span class='ocrx_word' id='word_1_104' title='bbox 703 1044 741 1091; x_wconf 84' lang='lat' dir='ltr'>vis,</span> <span class='ocrx_word' id='word_1_105' title='bbox 760 1051 781 1086; x_wconf 93' lang='lat' dir='ltr'>ut</span> 
     </span>
     <span class='ocr_line' id='line_1_13' title="bbox 51 1103 780 1160; baseline 0.016 -19"><span class='ocrx_word' id='word_1_106' title='bbox 51 1103 162 1142; x_wconf 71' lang='lat' dir='ltr'>dubitationi</span> <span class='ocrx_word' id='word_1_107' title='bbox 178 1103 241 1142; x_wconf 90' lang='lat' dir='ltr'>nullus</span> <span class='ocrx_word' id='word_1_108' title='bbox 256 1103 372 1154; x_wconf 81' lang='lat' dir='ltr'>relinquatur</span> <span class='ocrx_word' id='word_1_109' title='bbox 386 1103 446 1142; x_wconf 90' lang='lat' dir='ltr'>locus.</span> <span class='ocrx_word' id='word_1_110' title='bbox 476 1104 523 1143; x_wconf 85' lang='lat' dir='ltr'>Nam</span> <span class='ocrx_word' id='word_1_111' title='bbox 539 1104 569 1145; x_wconf 85' lang='lat' dir='ltr'>die</span> <span class='ocrx_word' id='word_1_112' title='bbox 584 1114 680 1160; x_wconf 84' lang='lat' dir='ltr'>nocteque.</span> <span class='ocrx_word' id='word_1_113' title='bbox 694 1112 713 1150; x_wconf 90' lang='lat' dir='ltr'>in</span> <span class='ocrx_word' id='word_1_114' title='bbox 727 1119 780 1154; x_wconf 88' lang='lat' dir='ltr'>octo-</span> 
     </span>
     <span class='ocr_line' id='line_1_14' title="bbox 51 1169 779 1226; baseline 0.012 -15"><span class='ocrx_word' id='word_1_115' title='bbox 51 1171 112 1212; x_wconf 85' lang='lat' dir='ltr'>decim</span> <span class='ocrx_word' id='word_1_116' title='bbox 131 1175 194 1222; x_wconf 86' lang='lat' dir='ltr'>paries</span> <span class='ocrx_word' id='word_1_117' title='bbox 209 1169 286 1214; x_wconf 88' lang='lat' dir='ltr'>divisis,</span> <span class='ocrx_word' id='word_1_118' title='bbox 302 1169 366 1209; x_wconf 83' lang='lat' dir='ltr'>Enoch</span> <span class='ocrx_word' id='word_1_119' title='bbox 377 1172 497 1221; x_wconf 75' lang='lat' dir='ltr'>apocryphus</span> <span class='ocrx_word' id='word_1_120' title='bbox 512 1172 568 1218; x_wconf 84' lang='lat' dir='ltr'>dicit,</span> <span class='ocrx_word' id='word_1_121' title='bbox 584 1174 718 1226; x_wconf 81' lang='lat' dir='ltr'>longissimum</span> <span class='ocrx_word' id='word_1_122' title='bbox 733 1183 779 1220; x_wconf 85' lang='lat' dir='ltr'>anni</span> 
     </span>
     <span class='ocr_line' id='line_1_15' title="bbox 50 1238 781 1295; baseline 0.011 -15"><span class='ocrx_word' id='word_1_123' title='bbox 50 1241 101 1280; x_wconf 88' lang='lat' dir='ltr'>diem</span> <span class='ocrx_word' id='word_1_124' title='bbox 123 1239 229 1278; x_wconf 82' lang='lat' dir='ltr'>consistere</span> <span class='ocrx_word' id='word_1_125' title='bbox 251 1250 274 1278; x_wconf 80' lang='lat' dir='ltr'>er</span> <span class='ocrx_word' id='word_1_126' title='bbox 296 1238 427 1279; x_wconf 86' lang='lat' dir='ltr'>duodecim</span> <span class='ocrx_word' id='word_1_127' title='bbox 450 1238 559 1286; x_wconf 72' lang='lat' dir='ltr'>octodecim</span> <span class='ocrx_word' id='word_1_128' title='bbox 579 1241 654 1283; x_wconf 84' lang='lat' dir='ltr'>illarum</span> <span class='ocrx_word' id='word_1_129' title='bbox 675 1246 781 1295; x_wconf 86' lang='lat' dir='ltr'>partium¹</span> 
     </span>
     <span class='ocr_line' id='line_1_16' title="bbox 49 1308 780 1361; baseline 0.011 -12"><span class='ocrx_word' id='word_1_130' title='bbox 49 1310 90 1349; x_wconf 90' lang='lat' dir='ltr'>lam</span> <span class='ocrx_word' id='word_1_131' title='bbox 110 1321 155 1348; x_wconf 86' lang='lat' dir='ltr'>vero</span> <span class='ocrx_word' id='word_1_132' title='bbox 176 1308 278 1347; x_wconf 86' lang='lat' dir='ltr'>duodecim</span> <span class='ocrx_word' id='word_1_133' title='bbox 297 1308 320 1348; x_wconf 88' lang='lat' dir='ltr'>ad</span> <span class='ocrx_word' id='word_1_134' title='bbox 335 1308 443 1348; x_wconf 81' lang='lat' dir='ltr'>octodecim</span> <span class='ocrx_word' id='word_1_135' title='bbox 463 1309 532 1349; x_wconf 90' lang='lat' dir='ltr'>eodem</span> <span class='ocrx_word' id='word_1_136' title='bbox 548 1310 643 1353; x_wconf 82' lang='lat' dir='ltr'>morlose</span> <span class='ocrx_word' id='word_1_137' title='bbox 659 1314 739 1361; x_wconf 81' lang='lat' dir='ltr'>hubent.</span> <span class='ocrx_word' id='word_1_138' title='bbox 755 1311 780 1357; x_wconf 51' lang='lat' dir='ltr'>&#39;ut</span> 
     </span>
     <span class='ocr_line' id='line_1_17' title="bbox 51 1376 780 1427; baseline 0.01 -10"><span class='ocrx_word' id='word_1_139' title='bbox 51 1377 135 1417; x_wconf 77' lang='lat' dir='ltr'>sedecim</span> <span class='ocrx_word' id='word_1_140' title='bbox 151 1377 174 1415; x_wconf 93' lang='lat' dir='ltr'>ad</span> <span class='ocrx_word' id='word_1_141' title='bbox 188 1377 253 1426; x_wconf 82' lang='lat' dir='ltr'>viginti</span> <span class='ocrx_word' id='word_1_142' title='bbox 269 1382 358 1425; x_wconf 78' lang='lat' dir='ltr'>quatuor,</span> <span class='ocrx_word' id='word_1_143' title='bbox 377 1376 396 1413; x_wconf 93' lang='lat' dir='ltr'>iu</span> <span class='ocrx_word' id='word_1_144' title='bbox 418 1382 464 1427; x_wconf 80' lang='lat' dir='ltr'>qrrot</span> <span class='ocrx_word' id='word_1_145' title='bbox 483 1377 539 1418; x_wconf 89' lang='lat' dir='ltr'>horas</span> <span class='ocrx_word' id='word_1_146' title='bbox 558 1390 609 1419; x_wconf 90' lang='lat' dir='ltr'>nunc</span> <span class='ocrx_word' id='word_1_147' title='bbox 629 1381 670 1421; x_wconf 83' lang='lat' dir='ltr'>dies</span> <span class='ocrx_word' id='word_1_148' title='bbox 686 1381 780 1424; x_wconf 86' lang='lat' dir='ltr'>dividitur.</span> 
     </span>
     <span class='ocr_line' id='line_1_18' title="bbox 50 1442 780 1504; baseline 0.012 -19"><span class='ocrx_word' id='word_1_149' title='bbox 50 1445 108 1495; x_wconf 73' lang='lat' dir='ltr'>Regio</span> <span class='ocrx_word' id='word_1_150' title='bbox 125 1449 193 1487; x_wconf 80' lang='lat' dir='ltr'>nutem,</span> <span class='ocrx_word' id='word_1_151' title='bbox 210 1455 258 1494; x_wconf 83' lang='lat' dir='ltr'>qrrue</span> <span class='ocrx_word' id='word_1_152' title='bbox 273 1444 323 1483; x_wconf 88' lang='lat' dir='ltr'>diem</span> <span class='ocrx_word' id='word_1_153' title='bbox 338 1442 407 1482; x_wconf 87' lang='lat' dir='ltr'>habeat</span> <span class='ocrx_word' id='word_1_154' title='bbox 421 1443 507 1483; x_wconf 84' lang='lat' dir='ltr'>sedecim</span> <span class='ocrx_word' id='word_1_155' title='bbox 518 1445 614 1490; x_wconf 72' lang='lat' dir='ltr'>horarum,</span> <span class='ocrx_word' id='word_1_156' title='bbox 624 1449 665 1488; x_wconf 76' lang='lat' dir='ltr'>‘sub</span> <span class='ocrx_word' id='word_1_157' title='bbox 678 1451 713 1491; x_wconf 87' lang='lat' dir='ltr'>ulia</span> <span class='ocrx_word' id='word_1_158' title='bbox 725 1453 780 1504; x_wconf 85' lang='lat' dir='ltr'>plane</span> 
     </span>
     <span class='ocr_line' id='line_1_19' title="bbox 50 1512 779 1571; baseline 0.01 -18"><span class='ocrx_word' id='word_1_159' title='bbox 50 1514 147 1553; x_wconf 83' lang='lat' dir='ltr'>latitudine</span> <span class='ocrx_word' id='word_1_160' title='bbox 162 1525 183 1553; x_wconf 82' lang='lat' dir='ltr'>ac</span> <span class='ocrx_word' id='word_1_161' title='bbox 198 1512 316 1558; x_wconf 73' lang='lat' dir='ltr'>Palaestinay</span> <span class='ocrx_word' id='word_1_162' title='bbox 341 1513 376 1551; x_wconf 86' lang='lat' dir='ltr'>sita</span> <span class='ocrx_word' id='word_1_163' title='bbox 392 1512 425 1556; x_wconf 86' lang='lat' dir='ltr'>sit,</span> <span class='ocrx_word' id='word_1_164' title='bbox 445 1524 526 1553; x_wconf 84' lang='lat' dir='ltr'>necesse</span> <span class='ocrx_word' id='word_1_165' title='bbox 542 1518 576 1553; x_wconf 86' lang='lat' dir='ltr'>cst.</span> <span class='ocrx_word' id='word_1_166' title='bbox 605 1517 678 1557; x_wconf 79' lang='lat' dir='ltr'>Auctor</span> <span class='ocrx_word' id='word_1_167' title='bbox 697 1519 779 1571; x_wconf 78' lang='lat' dir='ltr'>quidem,</span> 
     </span>
     <span class='ocr_line' id='line_1_20' title="bbox 50 1580 781 1632; baseline 0.014 -12"><span class='ocrx_word' id='word_1_168' title='bbox 50 1586 70 1620; x_wconf 90' lang='lat' dir='ltr'>ut</span> <span class='ocrx_word' id='word_1_169' title='bbox 85 1585 138 1620; x_wconf 87' lang='lat' dir='ltr'>certo</span> <span class='ocrx_word' id='word_1_170' title='bbox 155 1580 221 1621; x_wconf 87' lang='lat' dir='ltr'>ordine</span> <span class='ocrx_word' id='word_1_171' title='bbox 236 1580 274 1620; x_wconf 88' lang='lat' dir='ltr'>diei</span> <span class='ocrx_word' id='word_1_172' title='bbox 288 1585 332 1632; x_wconf 88' lang='lat' dir='ltr'>post</span> <span class='ocrx_word' id='word_1_173' title='bbox 347 1580 486 1631; x_wconf 76' lang='lat' dir='ltr'>aequinoctium</span> <span class='ocrx_word' id='word_1_174' title='bbox 501 1582 640 1623; x_wconf 85' lang='lat' dir='ltr'>incrementum</span> <span class='ocrx_word' id='word_1_175' title='bbox 655 1585 743 1628; x_wconf 74' lang='lat' dir='ltr'>definiret</span> <span class='ocrx_word' id='word_1_176' title='bbox 762 1595 781 1630; x_wconf 86' lang='lat' dir='ltr'>ei</span> 
     </span>
     <span class='ocr_line' id='line_1_21' title="bbox 51 1637 781 1701; baseline 0.012 -15"><span class='ocrx_word' id='word_1_177' title='bbox 51 1648 117 1699; x_wconf 87' lang='lat' dir='ltr'>quovis</span> <span class='ocrx_word' id='word_1_178' title='bbox 137 1660 204 1688; x_wconf 89' lang='lat' dir='ltr'>meuse</span> <span class='ocrx_word' id='word_1_179' title='bbox 223 1637 280 1687; x_wconf 81' lang='lat' dir='ltr'>unum</span> <span class='ocrx_word' id='word_1_180' title='bbox 298 1652 406 1698; x_wconf 78' lang='lat' dir='ltr'>portionem</span> <span class='ocrx_word' id='word_1_181' title='bbox 426 1646 513 1691; x_wconf 86' lang='lat' dir='ltr'>adderet,</span> <span class='ocrx_word' id='word_1_182' title='bbox 533 1650 617 1689; x_wconf 85' lang='lat' dir='ltr'>minores</span> <span class='ocrx_word' id='word_1_183' title='bbox 632 1654 733 1701; x_wconf 83' lang='lat' dir='ltr'>particulas</span> <span class='ocrx_word' id='word_1_184' title='bbox 748 1668 781 1695; x_wconf 88' lang='lat' dir='ltr'>ne·</span> 
     </span>
     <span class='ocr_line' id='line_1_22' title="bbox 51 1714 780 1770; baseline 0.005 -13"><span class='ocrx_word' id='word_1_185' title='bbox 51 1715 133 1770; x_wconf 77' lang='lat' dir='ltr'>glensse</span> <span class='ocrx_word' id='word_1_186' title='bbox 153 1720 236 1767; x_wconf 60' lang='lat' dir='ltr'>poteram</span> <span class='ocrx_word' id='word_1_187' title='bbox 263 1714 297 1754; x_wconf 87' lang='lat' dir='ltr'>sed</span> <span class='ocrx_word' id='word_1_188' title='bbox 320 1715 350 1753; x_wconf 84' lang='lat' dir='ltr'>vir</span> <span class='ocrx_word' id='word_1_189' title='bbox 370 1726 414 1753; x_wconf 87' lang='lat' dir='ltr'>eum</span> <span class='ocrx_word' id='word_1_190' title='bbox 438 1715 516 1754; x_wconf 82' lang='lat' dir='ltr'>multum</span> <span class='ocrx_word' id='word_1_191' title='bbox 536 1716 654 1759; x_wconf 77' lang='lat' dir='ltr'>aberravisse</span> <span class='ocrx_word' id='word_1_192' title='bbox 679 1720 702 1761; x_wconf 84' lang='lat' dir='ltr'>ab</span> <span class='ocrx_word' id='word_1_193' title='bbox 724 1733 780 1761; x_wconf 86' lang='lat' dir='ltr'>aecu-</span> 
     </span>
     <span class='ocr_line' id='line_1_23' title="bbox 50 1782 780 1842; baseline 0.007 -16"><span class='ocrx_word' id='word_1_194' title='bbox 50 1791 89 1826; x_wconf 80' lang='lat' dir='ltr'>ruta</span> <span class='ocrx_word' id='word_1_195' title='bbox 105 1784 238 1824; x_wconf 85' lang='lat' dir='ltr'>obseruatione</span> <span class='ocrx_word' id='word_1_196' title='bbox 250 1783 341 1823; x_wconf 77' lang='lat' dir='ltr'>credibile</span> <span class='ocrx_word' id='word_1_197' title='bbox 356 1788 391 1822; x_wconf 84' lang='lat' dir='ltr'>est.</span> <span class='ocrx_word' id='word_1_198' title='bbox 412 1782 461 1822; x_wconf 89' lang='lat' dir='ltr'>Hinc</span> <span class='ocrx_word' id='word_1_199' title='bbox 477 1783 593 1825; x_wconf 86' lang='lat' dir='ltr'>concludere</span> <span class='ocrx_word' id='word_1_200' title='bbox 608 1785 659 1830; x_wconf 82' lang='lat' dir='ltr'>licet,</span> <span class='ocrx_word' id='word_1_201' title='bbox 674 1788 780 1842; x_wconf 79' lang='lat' dir='ltr'>regionem,</span> 
     </span>
     <span class='ocr_line' id='line_1_24' title="bbox 51 1851 780 1908; baseline 0.005 -13"><span class='ocrx_word' id='word_1_202' title='bbox 51 1857 68 1895; x_wconf 87' lang='lat' dir='ltr'>in</span> <span class='ocrx_word' id='word_1_203' title='bbox 85 1867 120 1906; x_wconf 80' lang='lat' dir='ltr'>qua</span> <span class='ocrx_word' id='word_1_204' title='bbox 135 1854 212 1899; x_wconf 79' lang='lat' dir='ltr'>vixerit,</span> <span class='ocrx_word' id='word_1_205' title='bbox 231 1865 270 1892; x_wconf 92' lang='lat' dir='ltr'>non</span> <span class='ocrx_word' id='word_1_206' title='bbox 284 1852 331 1892; x_wconf 80' lang='lat' dir='ltr'>inire</span> <span class='ocrx_word' id='word_1_207' title='bbox 347 1851 511 1904; x_wconf 81' lang='lat' dir='ltr'>quadragesimum</span> <span class='ocrx_word' id='word_1_208' title='bbox 526 1855 611 1905; x_wconf 84' lang='lat' dir='ltr'>quintum</span> <span class='ocrx_word' id='word_1_209' title='bbox 626 1859 780 1908; x_wconf 80' lang='lat' dir='ltr'>septentrionalis</span> 
     </span>
     <span class='ocr_line' id='line_1_25' title="bbox 50 1920 780 1976; baseline 0.007 -14"><span class='ocrx_word' id='word_1_210' title='bbox 50 1923 154 1962; x_wconf 78' lang='lat' dir='ltr'>latitudinis</span> <span class='ocrx_word' id='word_1_211' title='bbox 169 1921 257 1972; x_wconf 82' lang='lat' dir='ltr'>gradum,</span> <span class='ocrx_word' id='word_1_212' title='bbox 277 1921 309 1959; x_wconf 92' lang='lat' dir='ltr'>ubi</span> <span class='ocrx_word' id='word_1_213' title='bbox 328 1921 452 1970; x_wconf 84' lang='lat' dir='ltr'>longissimus</span> <span class='ocrx_word' id='word_1_214' title='bbox 472 1920 513 1960; x_wconf 84' lang='lat' dir='ltr'>dies</span> <span class='ocrx_word' id='word_1_215' title='bbox 527 1922 585 1961; x_wconf 83' lang='lat' dir='ltr'>horas</span> <span class='ocrx_word' id='word_1_216' title='bbox 600 1923 656 1964; x_wconf 85' lang='lat' dir='ltr'>hahet</span> <span class='ocrx_word' id='word_1_217' title='bbox 671 1926 780 1976; x_wconf 86' lang='lat' dir='ltr'>quindecim</span> 
     </span>
     <span class='ocr_line' id='line_1_26' title="bbox 52 1987 780 2039; baseline 0.003 -9"><span class='ocrx_word' id='word_1_218' title='bbox 52 1994 69 2030; x_wconf 88' lang='lat' dir='ltr'>et</span> <span class='ocrx_word' id='word_1_219' title='bbox 83 1989 191 2034; x_wconf 86' lang='lat' dir='ltr'>dimidium,</span> <span class='ocrx_word' id='word_1_220' title='bbox 207 1989 236 2029; x_wconf 85' lang='lat' dir='ltr'>vel</span> <span class='ocrx_word' id='word_1_221' title='bbox 251 2000 308 2039; x_wconf 87' lang='lat' dir='ltr'>supra</span> <span class='ocrx_word' id='word_1_222' title='bbox 323 1987 489 2038; x_wconf 85' lang='lat' dir='ltr'>quadragesimum</span> <span class='ocrx_word' id='word_1_223' title='bbox 504 2000 575 2029; x_wconf 91' lang='lat' dir='ltr'>nonum</span> <span class='ocrx_word' id='word_1_224' title='bbox 591 1991 724 2036; x_wconf 58' lang='lat' dir='ltr'>extendi,=rrbi</span> <span class='ocrx_word' id='word_1_225' title='bbox 739 1993 780 2033; x_wconf 86' lang='lat' dir='ltr'>lou·</span> 
     </span>
     <span class='ocr_line' id='line_1_27' title="bbox 51 2048 779 2111; baseline 0.004 -14"><span class='ocrx_word' id='word_1_226' title='bbox 51 2059 141 2111; x_wconf 84' lang='lat' dir='ltr'>gissimus</span> <span class='ocrx_word' id='word_1_227' title='bbox 160 2057 201 2099; x_wconf 88' lang='lat' dir='ltr'>dies</span> <span class='ocrx_word' id='word_1_228' title='bbox 221 2062 309 2098; x_wconf 79' lang='lat' dir='ltr'>accurare</span> <span class='ocrx_word' id='word_1_229' title='bbox 328 2048 414 2096; x_wconf 82' lang='lat' dir='ltr'>sedecim</span> <span class='ocrx_word' id='word_1_230' title='bbox 428 2056 485 2101; x_wconf 87' lang='lat' dir='ltr'>horas</span> <span class='ocrx_word' id='word_1_231' title='bbox 500 2058 588 2108; x_wconf 83' lang='lat' dir='ltr'>complet.</span> <span class='ocrx_word' id='word_1_232' title='bbox 617 2058 732 2111; x_wconf 80' lang='lat' dir='ltr'>Relegamur</span> <span class='ocrx_word' id='word_1_233' title='bbox 745 2061 779 2102; x_wconf 88' lang='lat' dir='ltr'>ita-</span> 
     </span>
     <span class='ocr_line' id='line_1_28' title="bbox 52 2125 780 2182; baseline 0.008 -17"><span class='ocrx_word' id='word_1_234' title='bbox 52 2138 87 2177; x_wconf 86' lang='lat' dir='ltr'>que</span> <span class='ocrx_word' id='word_1_235' title='bbox 113 2127 141 2166; x_wconf 89' lang='lat' dir='ltr'>sie</span> <span class='ocrx_word' id='word_1_236' title='bbox 160 2125 184 2166; x_wconf 82' lang='lat' dir='ltr'>ud</span> <span class='ocrx_word' id='word_1_237' title='bbox 203 2126 380 2175; x_wconf 80' lang='lat' dir='ltr'>septentrionalium</span> <span class='ocrx_word' id='word_1_238' title='bbox 400 2125 463 2176; x_wconf 79' lang='lat' dir='ltr'>Caspii</span> <span class='ocrx_word' id='word_1_239' title='bbox 483 2131 503 2165; x_wconf 81' lang='lat' dir='ltr'>ei</span> <span class='ocrx_word' id='word_1_240' title='bbox 520 2126 586 2166; x_wconf 77' lang='lat' dir='ltr'>llrrxini</span> <span class='ocrx_word' id='word_1_241' title='bbox 604 2125 659 2167; x_wconf 89' lang='lat' dir='ltr'>Ponti</span> <span class='ocrx_word' id='word_1_242' title='bbox 678 2129 780 2182; x_wconf 83' lang='lat' dir='ltr'>regionum</span> 
     </span>
     <span class='ocr_line' id='line_1_29' title="bbox 51 2194 780 2246; baseline 0.008 -13"><span class='ocrx_word' id='word_1_243' title='bbox 51 2201 136 2241; x_wconf 87' lang='lat' dir='ltr'>tractum,</span> <span class='ocrx_word' id='word_1_244' title='bbox 151 2196 199 2235; x_wconf 87' lang='lat' dir='ltr'>intra</span> <span class='ocrx_word' id='word_1_245' title='bbox 208 2206 288 2246; x_wconf 82' lang='lat' dir='ltr'>quarum</span> <span class='ocrx_word' id='word_1_246' title='bbox 303 2194 431 2235; x_wconf 81' lang='lat' dir='ltr'>extremitates</span> <span class='ocrx_word' id='word_1_247' title='bbox 438 2195 613 2246; x_wconf 86' lang='lat' dir='ltr'>superiorespatria</span> <span class='ocrx_word' id='word_1_248' title='bbox 620 2196 780 2239; x_wconf 88' lang='lat' dir='ltr'>Pseudohenochi</span> 
     </span>
     <span class='ocr_line' id='line_1_30' title="bbox 52 2264 238 2306; baseline -0.005 -2"><span class='ocrx_word' id='word_1_249' title='bbox 52 2264 86 2305; x_wconf 84' lang='lat' dir='ltr'>sliu</span> <span class='ocrx_word' id='word_1_250' title='bbox 101 2276 145 2305; x_wconf 84' lang='lat' dir='ltr'>esse</span> <span class='ocrx_word' id='word_1_251' title='bbox 159 2264 238 2306; x_wconf 84' lang='lat' dir='ltr'>videtur.</span> 
     </span>
    </p>

    <p class='ocr_par' dir='ltr' id='par_1_4' title="bbox 51 2330 780 2589">
     <span class='ocr_line' id='line_1_31' title="bbox 107 2330 778 2383; baseline 0.003 -11"><span class='ocrx_word' id='word_1_252' title='bbox 107 2333 160 2380; x_wconf 79' lang='lat' dir='ltr'>Quae</span> <span class='ocrx_word' id='word_1_253' title='bbox 176 2335 191 2372; x_wconf 84' lang='lat' dir='ltr'>si</span> <span class='ocrx_word' id='word_1_254' title='bbox 206 2334 232 2372; x_wconf 81' lang='lat' dir='ltr'>ito</span> <span class='ocrx_word' id='word_1_255' title='bbox 247 2336 300 2377; x_wconf 78' lang='lat' dir='ltr'>sunt,</span> <span class='ocrx_word' id='word_1_256' title='bbox 324 2336 390 2371; x_wconf 81' lang='lat' dir='ltr'>auctor</span> <span class='ocrx_word' id='word_1_257' title='bbox 409 2331 452 2372; x_wconf 88' lang='lat' dir='ltr'>libri</span> <span class='ocrx_word' id='word_1_258' title='bbox 469 2332 534 2372; x_wconf 87' lang='lat' dir='ltr'>lorsun</span> <span class='ocrx_word' id='word_1_259' title='bbox 549 2343 572 2371; x_wconf 80' lang='lat' dir='ltr'>eu</span> <span class='ocrx_word' id='word_1_260' title='bbox 586 2330 673 2383; x_wconf 80' lang='lat' dir='ltr'>tribubus</span> <span class='ocrx_word' id='word_1_261' title='bbox 688 2331 778 2374; x_wconf 86' lang='lat' dir='ltr'>oriundus</span> 
     </span>
     <span class='ocr_line' id='line_1_32' title="bbox 52 2398 779 2453; baseline -0.001 -12"><span class='ocrx_word' id='word_1_262' title='bbox 52 2407 101 2448; x_wconf 78' lang='lat' dir='ltr'>erat,</span> <span class='ocrx_word' id='word_1_263' title='bbox 123 2413 170 2453; x_wconf 83' lang='lat' dir='ltr'>quas</span> <span class='ocrx_word' id='word_1_264' title='bbox 190 2400 337 2440; x_wconf 83' lang='lat' dir='ltr'>Sebalrnanaser</span> <span class='ocrx_word' id='word_1_265' title='bbox 357 2399 448 2440; x_wconf 87' lang='lat' dir='ltr'>abductas</span> <span class='ocrx_word' id='word_1_266' title='bbox 468 2400 500 2445; x_wconf 85' lang='lat' dir='ltr'>„in</span> <span class='ocrx_word' id='word_1_267' title='bbox 520 2398 582 2439; x_wconf 90' lang='lat' dir='ltr'>Halah</span> <span class='ocrx_word' id='word_1_268' title='bbox 601 2403 621 2438; x_wconf 84' lang='lat' dir='ltr'>et</span> <span class='ocrx_word' id='word_1_269' title='bbox 638 2398 704 2439; x_wconf 80' lang='lat' dir='ltr'>Hebor</span> <span class='ocrx_word' id='word_1_270' title='bbox 726 2400 779 2449; x_wconf 71' lang='lat' dir='ltr'>iuxta</span> 
     </span>
     <span class='ocr_line' id='line_1_33' title="bbox 51 2464 779 2517; baseline 0.003 -12"><span class='ocrx_word' id='word_1_271' title='bbox 51 2466 128 2508; x_wconf 88' lang='lat' dir='ltr'>iluviurn</span> <span class='ocrx_word' id='word_1_272' title='bbox 149 2467 225 2508; x_wconf 86' lang='lat' dir='ltr'>Gosban</span> <span class='ocrx_word' id='word_1_273' title='bbox 246 2469 304 2506; x_wconf 78' lang='lat' dir='ltr'>etin</span> <span class='ocrx_word' id='word_1_274' title='bbox 322 2466 424 2506; x_wconf 85' lang='lat' dir='ltr'>Medorum</span> <span class='ocrx_word' id='word_1_275' title='bbox 445 2466 522 2506; x_wconf 87' lang='lat' dir='ltr'>urbibus</span> <span class='ocrx_word' id='word_1_276' title='bbox 543 2465 627 2507; x_wconf 82' lang='lat' dir='ltr'>habiture</span> <span class='ocrx_word' id='word_1_277' title='bbox 640 2464 738 2517; x_wconf 76' lang='lat' dir='ltr'>jnssrt;“²</span> <span class='ocrx_word' id='word_1_278' title='bbox 760 2474 779 2509; x_wconf 88' lang='lat' dir='ltr'>et</span> 
     </span>
     <span class='ocr_line' id='line_1_34' title="bbox 55 2531 780 2589; baseline -0.006 -11"><span class='ocrx_word' id='word_1_279' title='bbox 55 2548 102 2589; x_wconf 88' lang='lat' dir='ltr'>quae</span> <span class='ocrx_word' id='word_1_280' title='bbox 117 2548 214 2589; x_wconf 88' lang='lat' dir='ltr'>nunquam</span> <span class='ocrx_word' id='word_1_281' title='bbox 229 2548 252 2575; x_wconf 83' lang='lat' dir='ltr'>eu</span> <span class='ocrx_word' id='word_1_282' title='bbox 262 2535 370 2587; x_wconf 86' lang='lat' dir='ltr'>captivitate</span> <span class='ocrx_word' id='word_1_283' title='bbox 385 2533 487 2575; x_wconf 86' lang='lat' dir='ltr'>redierunt.</span> <span class='ocrx_word' id='word_1_284' title='bbox 518 2531 595 2573; x_wconf 86' lang='lat' dir='ltr'>Grotius</span> <span class='ocrx_word' id='word_1_285' title='bbox 610 2534 714 2582; x_wconf 58' lang='lat' dir='ltr'>rostanni,</span> <span class='ocrx_word' id='word_1_286' title='bbox 729 2547 780 2575; x_wconf 90' lang='lat' dir='ltr'>com·</span> 
     </span>
    </p>
   </div>
   <div class='ocr_carea' id='block_1_3' title="bbox 58 2654 192 2663">
    <p class='ocr_par' dir='ltr' id='par_1_5' title="bbox 58 2654 192 2663">
     <span class='ocr_line' id='line_1_35' title="bbox 58 2654 192 2663; baseline -0.007 -1"><span class='ocrx_word' id='word_1_287' title='bbox 58 2654 192 2663; x_wconf 55' lang='lat' dir='ltr'>W</span> 
     </span>
    </p>
   </div>
   <div class='ocr_carea' id='block_1_4' title="bbox 53 2723 784 2824">
    <p class='ocr_par' dir='ltr' id='par_1_6' title="bbox 53 2723 784 2824">
     <span class='ocr_line' id='line_1_36' title="bbox 53 2723 781 2770; baseline 0 -11"><span class='ocrx_word' id='word_1_288' title='bbox 53 2766 55 2770; x_wconf 87' lang='lat'><em>.</em></span> <span class='ocrx_word' id='word_1_289' title='bbox 96 2724 113 2763; x_wconf 87' lang='grc'>1)</span> <span class='ocrx_word' id='word_1_290' title='bbox 125 2726 160 2759; x_wconf 87' lang='lat' dir='ltr'>lloc</span> <span class='ocrx_word' id='word_1_291' title='bbox 173 2731 246 2768; x_wconf 82' lang='lat' dir='ltr'>tempore</span> <span class='ocrx_word' id='word_1_292' title='bbox 259 2725 294 2756; x_wconf 87' lang='lat' dir='ltr'>dies</span> <span class='ocrx_word' id='word_1_293' title='bbox 306 2728 375 2768; x_wconf 79' lang='lat' dir='ltr'>nugetur</span> <span class='ocrx_word' id='word_1_294' title='bbox 386 2734 426 2766; x_wconf 85' lang='lat' dir='ltr'>prae</span> <span class='ocrx_word' id='word_1_295' title='bbox 439 2727 500 2765; x_wconf 80' lang='lat' dir='ltr'>unere,</span> <span class='ocrx_word' id='word_1_296' title='bbox 520 2723 600 2767; x_wconf 87' lang='lat' dir='ltr'>duplicem</span> <span class='ocrx_word' id='word_1_297' title='bbox 615 2725 677 2758; x_wconf 86' lang='lat' dir='ltr'>babens</span> <span class='ocrx_word' id='word_1_298' title='bbox 688 2724 781 2770; x_wconf 75' lang='lat' dir='ltr'>lungitudi-</span> 
     </span>
     <span class='ocr_line' id='line_1_37' title="bbox 53 2780 784 2824; baseline 0.004 -13"><span class='ocrx_word' id='word_1_299' title='bbox 53 2790 89 2814; x_wconf 87' lang='lat' dir='ltr'>nem</span> <span class='ocrx_word' id='word_1_300' title='bbox 101 2789 118 2815; x_wconf 84' lang='lat' dir='ltr'>et</span> <span class='ocrx_word' id='word_1_301' title='bbox 130 2783 216 2816; x_wconf 86' lang='lat' dir='ltr'>duodecim</span> <span class='ocrx_word' id='word_1_302' title='bbox 229 2787 290 2824; x_wconf 72' lang='lat' dir='ltr'>partes,</span> <span class='ocrx_word' id='word_1_303' title='bbox 303 2782 332 2814; x_wconf 88' lang='lat' dir='ltr'>sed</span> <span class='ocrx_word' id='word_1_304' title='bbox 346 2791 378 2814; x_wconf 81' lang='lat' dir='ltr'>nox</span> <span class='ocrx_word' id='word_1_305' title='bbox 389 2781 468 2813; x_wconf 81' lang='lat' dir='ltr'>minuitur</span> <span class='ocrx_word' id='word_1_306' title='bbox 479 2786 496 2813; x_wconf 87' lang='lat' dir='ltr'>et</span> <span class='ocrx_word' id='word_1_307' title='bbox 507 2780 609 2823; x_wconf 75' lang='lat' dir='ltr'>amplectitur</span> <span class='ocrx_word' id='word_1_308' title='bbox 616 2791 645 2814; x_wconf 78' lang='lat' dir='ltr'>sex</span> <span class='ocrx_word' id='word_1_309' title='bbox 653 2787 714 2824; x_wconf 73' lang='lat' dir='ltr'>purius.</span> <span class='ocrx_word' id='word_1_310' title='bbox 727 2782 745 2816; x_wconf 85' lang='lat' dir='ltr'>v.</span> <span class='ocrx_word' id='word_1_311' title='bbox 753 2782 784 2823; x_wconf 23' lang='lat'>18,-</span> 
     </span>
    </p>
   </div>
   <div class='ocr_carea' id='block_1_5' title="bbox 53 2834 823 2885">
    <p class='ocr_par' dir='ltr' id='par_1_7' title="bbox 53 2834 823 2885">
     <span class='ocr_line' id='line_1_38' title="bbox 53 2834 823 2885; baseline -0.003 -13"><span class='ocrx_word' id='word_1_312' title='bbox 53 2835 79 2872; x_wconf 78' lang='lat' dir='ltr'>l9.</span> <span class='ocrx_word' id='word_1_313' title='bbox 115 2838 132 2878; x_wconf 67' lang='lat'>2)</span> <span class='ocrx_word' id='word_1_314' title='bbox 145 2839 161 2873; x_wconf 81' lang='lat'>2.</span> <span class='ocrx_word' id='word_1_315' title='bbox 174 2840 215 2885; x_wconf 77' lang='lat' dir='ltr'>Reg.</span> <span class='ocrx_word' id='word_1_316' title='bbox 229 2837 306 2873; x_wconf 68' lang='lat' dir='ltr'>XVll.6,</span> <span class='ocrx_word' id='word_1_317' title='bbox 325 2844 342 2871; x_wconf 83' lang='lat' dir='ltr'>et</span> <span class='ocrx_word' id='word_1_318' title='bbox 358 2837 373 2872; x_wconf 88' lang='lat'>1.</span> <span class='ocrx_word' id='word_1_319' title='bbox 385 2838 446 2872; x_wconf 83' lang='lat' dir='ltr'>Clrrou.</span> <span class='ocrx_word' id='word_1_320' title='bbox 458 2838 478 2871; x_wconf 75' lang='lat' dir='ltr'>V.</span> <span class='ocrx_word' id='word_1_321' title='bbox 490 2836 517 2870; x_wconf 81' lang='lat'>26.</span> <span class='ocrx_word' id='word_1_322' title='bbox 540 2835 560 2878; x_wconf 86' lang='grc'>3)</span> <span class='ocrx_word' id='word_1_323' title='bbox 573 2836 615 2880; x_wconf 76' lang='lat' dir='ltr'>„utu</span> <span class='ocrx_word' id='word_1_324' title='bbox 633 2848 672 2871; x_wconf 86' lang='lat' dir='ltr'>vero</span> <span class='ocrx_word' id='word_1_325' title='bbox 684 2837 714 2882; x_wconf 88' lang='lat' dir='ltr'>per</span> <span class='ocrx_word' id='word_1_326' title='bbox 726 2834 778 2879; x_wconf 66' lang='lat' dir='ltr'>nbi-p,</span> <span class='ocrx_word' id='word_1_327' title='bbox 821 2864 823 2866; x_wconf 87' lang='lat'><em>.</em></span> 
     </span>
    </p>
   </div>
   <div class='ocr_carea' id='block_1_6' title="bbox 53 2888 779 2939">
    <p class='ocr_par' dir='ltr' id='par_1_8' title="bbox 53 2888 779 2939">
     <span class='ocr_line' id='line_1_39' title="bbox 53 2888 779 2939; baseline 0.003 -13"><span class='ocrx_word' id='word_1_328' title='bbox 53 2892 156 2936; x_wconf 79' lang='lat' dir='ltr'>Colchos,</span> <span class='ocrx_word' id='word_1_329' title='bbox 174 2907 205 2939; x_wconf 87' lang='lat' dir='ltr'>per</span> <span class='ocrx_word' id='word_1_330' title='bbox 216 2904 279 2939; x_wconf 61' lang='lat' dir='ltr'>&#39;runt-p,</span> <span class='ocrx_word' id='word_1_331' title='bbox 293 2894 372 2932; x_wconf 82' lang='lat' dir='ltr'>lberos</span> <span class='ocrx_word' id='word_1_332' title='bbox 387 2888 438 2930; x_wconf 76' lang='lat' dir='ltr'>deire</span> <span class='ocrx_word' id='word_1_333' title='bbox 455 2900 487 2930; x_wconf 83' lang='lat' dir='ltr'>tum</span> <span class='ocrx_word' id='word_1_334' title='bbox 500 2896 535 2936; x_wconf 78' lang='lat' dir='ltr'>bio,</span> <span class='ocrx_word' id='word_1_335' title='bbox 549 2894 700 2930; x_wconf 68' lang='lat' dir='ltr'>cunctamur.</span> <span class='ocrx_word' id='word_1_336' title='bbox 716 2896 733 2929; x_wconf 90' lang='lat' dir='ltr'>iu</span> <span class='ocrx_word' id='word_1_337' title='bbox 745 2896 779 2928; x_wconf 85' lang='lat' dir='ltr'>due</span> 
     </span>
    </p>
   </div>
   <div class='ocr_carea' id='block_1_7' title="bbox 0 0 908 3145">
    <p class='ocr_par' dir='ltr' id='par_1_9' title="bbox 0 0 908 3145">
     <span class='ocr_line' id='line_1_40' title="bbox 0 0 908 3145; baseline 0 0"><span class='ocrx_word' id='word_1_338' title='bbox 0 0 908 3145; x_wconf 95' lang='lat' dir='ltr'> </span> 
     </span>
    </p>
   </div>
  </div>
 </body>
</html>
