1807 3145
78 153 118 189 273
382 145 447 180 Enoohi
458 116 506 180 iiber.

79 273 137 312 quern
157 262 235 300 domum
254 258 315 305 attuli,
334 260 358 299 in
378 259 537 310 Abyssinico
559 271 655 299 canone
673 261 811 311 proximum

80 335 136 369 ante
157 327 217 368 Jobi
240 329 334 367 librum
356 328 440 367 locum
467 327 593 373 obtinens3
617 328 694 367 tertium
715 319 811 380 exemplar

78 397 204 441 Bodleianae,
225 408 273 447 quae
294 396 380 435 (laoniae
400 400 439 441 est,
461 395 591 435 Bibliothecae
609 395 669 434 obtuli
688 409 723 447 per
743 409 810 437 manus

77 465 167 504 Doctoris
182 464 291 514 Douglesii,
307 463 436 502 Carolins'ulae
447 465 558 514 Episcopi.⁴‘
572 459 579 483 ¹
595 466 623 503 Ao
634 464 688 503 brevi
698 468 743 514 post
752 464 810 504 addit:

46 561 48 567 ,,
79 531 128 579 „Ubi
138 533 221 584 primum
231 543 266 582 per
276 531 364 582 Angharn
373 530 465 578 incoant,
481 531 532 572 huno
541 531 609 571 librum
619 530 746 571 bibliothecae
760 532 811 583 regis

78 600 141 651 gallici
160 612 170 638 a
191 610 222 636 nne
242 599 331 637 traditum
349 611 405 643 esse,
430 598 463 636 Dr.
483 598 580 644 Woidius,
599 612 624 637 nc
641 610 714 648 paucos
734 598 827 649 quidemr

78 666 120 706 dics
134 671 225 711 moratus,
241 665 304 705 donec
318 666 359 715 ipse
374 665 482 705 Londinum
495 667 592 716 profectus
608 666 669 705 doctis
689 667 737 705 meis
752 679 811 716 popu-

77 733 149 771 laribus
170 733 294 770 occasionem
313 731 410 774 dedissem
440 732 497 781 hujus
517 732 561 770 libri
579 732 703 783 inspiciendi,
727 734 811 772 Parisios

78 800 182 845 festinavit,
200 799 260 838 literis
275 799 389 844 instructus,
411 798 479 849 quibus
497 798 617 840 Secretarius
637 798 752 850 reipublicae
767 811 812 851 ang-

80 869 128 909 licae
142 868 231 909 Nobilem
247 868 394 914 Stormontiurn,
413 867 433 906 in
448 868 490 907 aula
505 867 652 919 gallica'Legati
673 879 752 908 munere
770 868 812 907 iun-

82 941 168 986 gentem,
184 936 281 986 rogitavit,
297 940 318 973 11
331 936 437 973 Doctorem
451 936 471 972 in
490 935 608 985 impetranda
623 946 634 974 a
649 936 810 974 Christianissirno

79 1015 124 1052 rege
146 1000 201 1042 venia
223 1000 329 1050 adjuraret,
352 1000 424 1038 donum
444 1013 508 1039 meum
529 1000 616 1040 adeundi,
650 1001 692 1049 Qua
712 1003 811 1054 impetrata

78 1069 142 1108 versio
156 1068 199 1107 libri
214 1067 307 1112 contecta,
322 1059 357 1106 sed
371 1067 438 1106 nescio
454 1078 497 1113 cur,
512 1078 606 1118 nusquam
621 1067 671 1107 edita
686 1065 755 1108 111.Η

133 1136 237 1176 Hominum
252 1140 316 1174 tamen
331 1135 432 1173 curiositas
447 1135 498 1175 11111
508 1135 596 1174 Henochi
611 1135 680 1175 librum
695 1148 808 1188 quamquain
830 1134 831 1138 ’

28 1248 29 1251 ¹
80 1207 160 1245 maxima
176 1205 232 1243 fuerit
250 1204 411 1253 tunrytemporim
433 1207 482 1242 teste
500 1204 581 1248 Brucio,
601 1203 640 1252 jam
655 1204 728 1253 pridem
744 1205 810 1244 sedata

80 1272 165 1317 ridetur;
184 1283 228 1309 cum
250 1269 347 1319 exemplar
368 1271 388 1308 in
410 1269 527 1309 bibliotheca
541 1270 645 1308 Bodleiano
660 1271 768 1321 depositum
789 1272 812 1309 ad

79 1339 130 1378 hunc
143 1350 206 1390 usque
221 1337 272 1378 diem
284 1335 375 1386 jactrerit,
395 1337 449 1388 quasi
464 1349 533 1376 somno
549 1338 637 1388 sopitum.
663 1337 726 1385 Quem
735 1339 811 1378 tandem

80 1407 170 1457 equidem
183 1410 272 1445 excutere
283 1416 346 1450 ausus,
357 1415 423 1457 ¹meam
438 1404 494 1454 hujus
504 1404 577 1443 libriin
588 1405 652 1445 lucem
661 1406 732 1456 protuli
740 1406 813 1446 versio-

80 1486 129 1515 nem.
159 1474 226 1525 Neque
241 1472 322 1524 tempori
337 1485 373 1512 nec
387 1471 448 1512 labori
462 1472 552 1525 peperci,
572 1478 593 1512 ut
608 1477 695 1513 correcte
711 1486 755 1513 eum
769 1474 826 1514 red-a

81 1541 158 1587 derem,
174 1540 209 1579 sed
224 1553 268 1578 oum
282 1539 398 1579 Bodleianae
412 1539 500 1590 legibus,
523 1540 574 1591 quod
588 1540 633 1579 mihi
649 1540 745 1591 sapienter
759 1540 812 1580 insti-

79 1614 139 1648 tutum
158 1607 241 1654 ridetur,
262 1612 313 1647 extra
332 1607 471 1647 bibliothecam
495 1608 586 1646 librorum
611 1620 657 1647 usus
683 1607 811 1659 prohibeatur,

81 1682 158 1716 coactus
169 1688 226 1722 eram,
237 1682 258 1715 11
267 1678 315 1715 intra
325 1675 382 1715 aedes
393 1676 435 1714 illas
445 1688 486 1715 rem
501 1676 619 1727 perficerem,
636 1688 672 1727 qua
687 1677 779 1727 augustia,
795 1678 811 1714 si

80 1745 151 1801 minus
168 1738 255 1784 adcurate
277 1742 370 1794 quaedam
389 1742 515 1789 reddiderim,
540 1749 650 1784 excusatum
674 1755 705 1783 me
731 1743 813 1783 habeant

78 1811 161 1862 jtrdioes.

134 1880 214 1919 Erucius
230 1879 339 1926 contendit,
354 1878 451 1920 Woidirnn
471 1885 533 1923 totum
547 1880 617 1919 librum
631 1880 708 1920 Parisiis
723 1880 811 1927 vertisse,

81 1953 100 1987 et
113 1950 222 1989 versionem
236 1949 260 1987 in
269 1949 356 1999 Angliarn
370 1959 437 1987 secum
452 1949 545 1993 attulisse,
557 1960 653 2000 nunqnam
664 1962 710 1990 vero
720 1949 811 1994 edidisse,

80 2016 100 2053 in
111 2027 148 2070 quo
159 2016 204 2054 mihi
214 2028 276 2055 errare
286 2016 365 2055 videtur.
388 2016 475 2054 Woidius
491 2017 542 2054 enim
557 2017 700 2064 descripsit
715 2017 812 2066 Aethiopi-

81 2093 123 2122 cam
138 2083 251 2128 versionem,
266 2095 305 2122 non
318 2083 338 2122 in
351 2083 407 2122 aliam
417 2083 502 2133 linguam
515 2084 616 2122 transtulit.
640 2083 690 2122 Nihil
703 2084 756 2123 enim
769 2095 811 2122 ver-

83 2150 142 2198 sionis
159 2150 220 2189 simile
231 2151 281 2189 inter
293 2151 363 2200 scripta
374 2150 396 2188 ab
408 2150 441 2186 illo
455 2150 521 2189 relicta
533 2150 637 2194 invenitur,
653 2161 701 2200 quae
713 2155 758 2201 post
771 2150 812 2199 ejus
848 2163 850 2165 ’

81 2222 164 2258 mortem
179 2218 241 2256 omnia
255 2219 274 2257 in
295 2218 344 2268 preli
362 2216 466 2256 academici
480 2217 615 2267 Delegatorum
636 2228 703 2256 manus
722 2230 814 2269 pervene-

82 2291 130 2325 runt.
160 2286 223 2325 Omne
238 2290 357 2337 segmentum
376 2284 400 2324 ad
413 2285 488 2324 Enochi
507 2284 576 2322 librum
596 2284 693 2335 pertinens
713 2285 814 2336 diligenter

82 2354 184 2396 collectum
208 2365 230 2394 ac
252 2342 389 2394 conservatum
406 2355 444 2398 est;
466 2351 501 2391 sed
519 2351 566 2391 nihil
589 2351 684 2399 occurrit,
705 2353 743 2393 nisi
766 2352 814 2394 levis

83 2428 173 2468 conatus,
188 2434 260 2472 paucos
274 2423 330 2461 locos
346 2421 444 2473 dispersos
460 2420 483 2460 ad
497 2419 576 2462 verbum
589 2420 647 2461 latine
661 2421 766 2469 reddendi,
782 2423 814 2474 qui

83 2490 129 2530 satis
150 2488 247 2540 ostendit,x
266 2489 390 2540 Aethiopicae
410 2488 486 2540 linguae
508 2488 777 2542 cogaritionemnequaqnam
796 2491 814 2530 ei

84 2557 184 2597 srriiecisse
195 2555 218 2595 ad
228 2560 300 2607 tanturn
310 2567 357 2606 opus
369 2552 559 2595 consummandum.3
568 2555 648 2595 Nonnisi
658 2556 732 2596 initium
741 2557 814 2596 fecisse

113 2718 235 2756 ,1)1111111111
251 2720 304 2753 deser.
318 2719 352 2757 vor.
366 2719 410 2763 111),
423 2718 460 2753 422.
472 2720 515 2753 Edit.
529 2726 584 2755 oecon.
607 2721 679 2762 211111.
693 2733 708 2766 p.
721 2722 760 2764 425,
777 2723 814 2757 426*

83 2775 101 2813 3]
115 2776 151 2809 t'td.
165 2775 237 2818 llagasin
250 2777 405 2821 llrroprlopedique.
418 2786 445 2809 au.
459 2776 485 2809 VI.
498 2782 536 2809 tom.
549 2777 561 2809 1,
573 2788 590 2820 p.
603 2779 647 2820 315,
660 2777 698 2811 aru
