1807 3145
95 185 133 221 ]62
359 176 421 210 Esdrae
431 176 474 209 liber
485 182 551 221 quartus

93 293 185 333 obductas
199 292 223 332 dc
238 303 301 331 rerum
313 292 440 340 Romanarum
455 291 613 332 conversionibus
627 291 694 343 solvat,
708 291 820 342 praesertim

93 373 136 399 «curn
145 362 183 399 hoc
193 360 302 400 vaticinium
312 357 413 397 admodum
422 359 446 397 sit
456 359 579 409 corruptum?
587 363 596 380 “
604 355 611 380 ¹
620 358 746 398 Nihilominus
755 354 823 398 exami-

92 427 174 467 nandam
189 426 268 476 suscipit
282 425 410 475 posteriorem
423 425 504 465 visionis
518 430 602 476 partem,
624 425 656 465 nbi
671 431 773 466 occurrunt
787 427 824 465 tria

93 480 165 546 majora
181 495 254 547 aquilae
270 494 340 545 capita,
364 499 383 532 et
397 492 435 532 duo
450 505 472 533 ex
487 499 531 533 octo
554 493 659 543 minoribus
675 493 768 544 capitibus
783 493 823 533 sive

95 564 136 609 alis,
153 576 175 602 ex
191 562 260 614 quibus
275 562 359 601 auctoris
374 573 441 600 erriere
457 566 538 601 aetatem
552 563 596 602 vult.
619 562 661 609 Qua
674 562 694 613 in
708 574 741 607 re,
758 561 824 612 paucis

94 631 187 679 exceptis,
202 629 252 667 bene
267 639 308 666 rem
323 629 408 678 gessisse
422 628 468 665 mihi
482 628 560 668 videtur.
590 630 689 676 Attamen,
711 639 824 678 quamquam

93 700 204 747 susceptum
218 695 316 746 negotium
327 693 392 745 perfici
401 707 465 745 ,posse
479 700 550 747 neget,
566 708 602 747 ego
618 695 691 747 aliquae
705 695 725 733 in
741 694 825 734 medium

93 763 178 813 prolerre
193 762 278 802 audeam.

147 847 168 886 ln
181 851 257 898 promtu
272 848 312 892 est,
336 852 355 886 et
372 846 412 895 jam
432 847 454 886 ab
473 847 515 886 aliis
534 851 639 892 tentatum,
663 846 765 886 duodecim
784 847 825 901 alas

94 913 122 952 sic
143 913 274 965 interpretari,
298 917 319 953 ut
340 914 415 965 Reges,
439 926 478 953 non
501 915 593 954 Caesares
616 914 688 954 Rornae
713 913 825 966 significent,

94 981 187 1030 aquibus
207 984 308 1022 romarimn
329 982 429 1030 imperium
448 982 525 1031 incepit.
553 983 603 1023 Vere
618 983 696 1031 quidem
718 982 826 1026 diutrrrnnm

94 1047 184 1089 Numae
196 1047 321 1097 Pompilii,
336 1048 534 1099 secundiregis,
549 1060 629 1099 regnum
639 1049 768 1098 pulcherrime
779 1061 824 1087 con·

96 1105 166 1158 sentire
180 1113 254 1154 videtur
269 1127 313 1154 cum
328 1114 456 1166 descriptione
471 1115 597 1155 secundae
617 1116 679 1161 alae,
702 1128 750 1167 quae
767 1129 829 1168 „pror

95 1183 130 1222 diit
140 1186 159 1221 et
168 1182 259 1233 regnabat
268 1183 306 1228 diu,
322 1187 372 1223 etse
382 1183 477 1228 firmabat;
487 1186 497 1204 “
519 1184 563 1234 Gap.
573 1182 603 1230 lll,
617 1183 650 1223 14.
666 1195 727 1234 „quae
736 1185 840 1236 regnabat·

95 1252 155 1289 multo
171 1250 247 1304 diutins,
264 1263 320 1300 quam
335 1251 370 1288 alia
385 1263 407 1290 cx
422 1251 542 1296 duodecim‚“
559 1252 602 1301 Cap.
612 1251 650 1295 XII,
668 1254 698 1289 18.
723 1250 762 1289 Sed
778 1253 827 1291 inter

97 1330 164 1358 omnes
180 1321 264 1364 constat,
281 1322 387 1368 septem,
403 1330 441 1357 non
457 1318 591 1357 duodecim
607 1329 663 1368 reges
676 1317 749 1357 Romae
760 1318 826 1358 tuisse.

98 1386 255 1434 Quamobrem
269 1398 309 1425 non
322 1385 401 1436 probata
419 1386 454 1426 init
467 1386 515 1425 hacc
530 1385 629 1436 expositio·
658 1384 746 1430 Attamen
762 1384 828 1425 dicere
865 1440 866 1443 Ἴ

98 1455 169 1499 ausim,
189 1457 290 1494 auctorem
304 1466 343 1492 non
362 1465 396 1492 eos
412 1457 483 1493 tanturn
497 1454 517 1492 in
531 1458 595 1493 mente
609 1452 710 1498 habuisse,
733 1455 828 1505 quivere

98 1520 233 1571 possidebant,
256 1520 291 1559 scd
311 1521 367 1560 etiam
386 1521 418 1571 qui
440 1520 541 1571 cupiebant
559 1533 638 1572 regnum
653 1533 663 1560 a
678 1521 755 1561 condita
768 1523 829 1561 Roma

98 1598 159 1638 nsque
175 1592 193 1625 at
206 1588 266 1639 ipsius
279 1592 366 1626 aetatem.
381 1588 428 1643 Nam
442 1592 541 1633 memorat,
557 1587 760 1633 „duodecimalarum
775 1599 830 1638 quas-

100 1654 145 1695 dam
157 1666 179 1696 se
194 1654 290 1699 erexisse,
311 1665 374 1705 neque
388 1657 568 1706 veroregnasses‘
591 1655 634 1706 Gap.
650 1653 685 1699 lll,
701 1644 733 1695 23.
748 1658 780 1695 24.
797 1658 830 1702 „et

100 1721 188 1777 celeriter
202 1733 234 1761 eas
249 1721 349 1771 periisse.“
574 1739 576 1741 ·

158 1806 192 1843 His
207 1806 293 1849 irnrixus,
315 1811 410 1855 septem
425 1807 516 1855 primis
539 1807 597 1851 alis,
622 1808 831 1857 sep'temprimos

101 1871 298 1922 Romae'regcs‚
320 1876 387 1912 octava
401 1873 507 1922 Appium
520 1874 665 1922 Decemvirum,
688 1885 753 1913 nona
768 1873 832 1923 Spu-

102 1939 163 1977 rium
182 1938 310 1985 Maelium‚
336 1939 368 1990 qui
381 1940 453 1990 primus
467 1951 502 1991 per
522 1941 649 1991 captationem
664 1952 720 1980 aurae
735 1940 832 1992 popularis

102 2017 182 2057 rognum
192 2007 291 2057 acquirere
306 2007 415 2062 conabatur,
430 2006 525 2053 decima
540 2007 646 2048 Nlarcurn
660 2008 785 2053 Manlium,
801 2008 833 2058 qui

103 2074 171 2112 similis
193 2074 278 2113 criminis
293 2069 396 2130 cansa-clev
409 2086 454 2113 saro
469 2075 551 2125 Tarpeio
567 2068 654 2124 dejectus
670 2081 708 2121 est,
732 2076 833 2124 undecima

104 2152 125 2179 ac
141 2141 254 2180 duodecima
270 2143 331 2180 dnos
351 2141 480 2181 Gracchos
500 2142 603 2192 significari
618 2143 738 2181 crediderim.
766 2144 833 2193 Neque

105 2207 135 2245 alii
144 2212 219 2257 praeter
228 2209 265 2247 hos
278 2209 324 2247 mihi
333 2210 353 2246 in
367 2220 429 2247 rerum
441 2209 569 2247 Romanarum
579 2210 671 2248 memoria
686 2220 787 2248 occurrere
800 2210 834 2249 viri

104 2273 221 2327 insigniores
235 2275 332 2323 videntur,
353 2277 384 2327 qui
398 2287 482 2327 unquam
496 2276 645 2316 dominationem
660 2277 788 2324 exercuerint,
804 2282 835 2316 aut

106 2355 196 2382 exercerc
211 2343 328 2388 tentaverint,
343 2342 444 2394 usquead
454 2343 510 2383 Marii
525 2346 543 2383 et
556 2342 619 2394 Syllae
635 2348 738 2389 certamen,
753 2355 834 2395 quorum

107 2415 158 2448 aetas
180 2411 241 2447 nostri
261 2411 345 2448 auctoris
365 2412 446 2460 tempori
467 2411 553 2460 proxima
573 2410 653 2449 videtur.
697 2411 758 2449 Sicuti
778 2412 835 2462 igitur

107 2475 239 2516 duodecim
254 2475 307 2515 alae
322 2476 480 2527 eossignificant,
496 2477 528 2527 qui
537 2477 663 2527 principatum
676 2466 708 2516 aut
718 2477 834 2520 obtinebant,

107 2549 138 2583 aut
153 2543 372 2591 obtinereconabantur,
388 2549 431 2584 ante
444 2545 496 2584 illam
511 2545 571 2585 civilis
586 2545 693 2586 discordiae
709 2550 795 2593 aetatem,
809 2547 835 2585 ita

108 2616 163 2651 octo
177 2611 262 2664 parvis
278 2611 324 2651 alis
343 2613 394 2652 sive
409 2613 545 2664 capitibus,
569 2618 590 2653 nt
604 2618 623 2654 et
637 2614 835 2666 tribus-majori-
