1807 3145
99 842 102 846 s
142 835 144 861 ἓ
187 786 245 839 un
272 785 427 841 mortun
453 785 599 839 nosue.

29 946 104 999 Haec
119 964 160 999 est
177 959 342 1006 benedictio,
364 971 436 1011 quam
457 957 702 1000 benedixitMoses
722 958 762 1000 vir

29 1028 86 1070 liei..
123 1028 202 1070 Samuel
224 1029 366 1070 Nehemanides
388 1029 546 1070 benedictionem
570 1028 620 1068 hane
638 1028 707 1081 legem
734 1028 762 1068 in-

33 1102 156 1148 terpretatur,
177 1099 197 1138 in
218 1110 255 1150 qua
270 1098 361 1150 scriptum
376 1103 416 1138 est:
434 1113 479 1150 pp<
494 1113 549 1150 nbi:
568 1085 700 1152 ngp'isseflbgg
720 1113 762 1150 meg

31 1168 114 1217 neflbpg
124 1179 166 1217 geg
176 1178 275 1225 nup-m
288 1164 366 1205 tirum
379 1165 458 1204 Deum
473 1165 588 1204 elvirum
602 1165 648 1204 Dei
662 1166 762 1218 significat,
821 1187 823 1190 f

30 1232 51 1273 si
63 1234 103 1273 vir
115 1233 185 1274 Deus
199 1234 268 1284 placet,
279 1232 303 1273 de
313 1233 355 1273 Deo
364 1233 467 1285 intelliges,
480 1233 512 1284 qui
519 1226 643 1284 inscriptura
652 1233 688 1274 vir
702 1232 764 1274 belli

30 1301 119 1347 vocetur,
140 1306 196 1354 atque
210 1302 248 1340 hoc
268 1294 329 1341 totum
347 1300 372 1340 ad
391 1300 548 1347 confirmandum,
570 1301 622 1353 quod
636 1303 717 1354 legitur:
737 1307 763 1341 et

30 1367 106 1408 iilum
125 1369 293 1420 triplicatum
310 1379 361 1406 non
382 1368 435 1407 cito
453 1373 598 1419 rumpetur.
626 1369 699 1406 Ductor
714 1367 764 1406 Tan-

32 1433 100 1474 chuma
114 1434 186 1486 inquit,
206 1437 235 1476 vir
249 1435 285 1475 Dei
299 1435 330 1475 rel
344 1436 373 1474 vir
387 1435 446 1474 Deus.
475 1436 496 1472 Si
510 1436 549 1479 vir,
565 1446 599 1473 cnr
612 1435 681 1474 Deus?
696 1447 739 1474 cum
754 1448 765 1474 a

31 1500 130 1543 Pharaone
148 1503 208 1555 tagit,
232 1502 261 1544 rir
279 1500 358 1549 dicitur,
384 1513 428 1541 cum
447 1500 513 1541 coelos
532 1501 629 1548 ascendit,
653 1502 712 1543 Deus.
737 1495 766 1543 'nt

32 1575 100 1619 quanta
114 1570 176 1612 Musis
191 1571 282 1623 dignitas,
305 1571 336 1609 eni
354 1570 413 1610 etiam
430 1570 483 1608 Deus
503 1582 581 1620 operam
599 1574 660 1611 navat.
690 1571 766 1612 Caeteri

34 1638 132 1678 Israelitae
146 1641 233 1689 Aegypto
252 1638 292 1688 jam
311 1638 408 1689 egressuri
430 1636 479 1676 duee
497 1637 560 1684 Mose,
582 1649 628 1677 auro
649 1643 669 1678 ei
689 1646 768 1691 argento

38 1704 148 1757 quaerendo
173 1706 284 1751 studebant,
308 1705 341 1745 ille
359 1705 427 1745 urbem
445 1704 526 1756 losephi
543 1705 614 1746 feretro
633 1706 767 1760 investigando

35 1779 75 1815 tres
90 1778 140 1814 totus
151 1773 192 1813 dies
206 1777 314 1825 noctesque
324 1773 406 1812 circuire
420 1784 460 1812 non
475 1771 557 1818 destrue
572 1785 608 1813 nec
619 1774 670 1813 enirn
679 1775 768 1827 Aegypto

36 1842 102 1894 egredi
112 1846 205 1894 poterant,
220 1842 257 1881 nisi
273 1840 314 1892 ejus
327 1853 371 1880 ossa
382 1839 484 1887 deferrent,
500 1845 628 1888 sacramento,
643 1843 696 1894 quod
706 1843 729 1883 ab
740 1844 768 1883 eis

38 1911 125 1950 moriens
140 1914 234 1961 exegerat,
250 1909 342 1955 obstricti,
358 1899 409 1947 sicut
422 1904 484 1959 patei:
503 1909 532 1947 Et
544 1908 636 1957 jurare
654 1911 720 1949 fecit
733 1911 771 1949 Jo-

37 1976 101 2030 seph
114 1976 190 2016 filios
205 1974 298 2016 lsrael.
320 1974 406 2016 Tandem
421 1975 493 2022 Suram,
509 1975 567 2016 lilium
581 1977 637 2022 Aser,
651 1976 715 2018 lessus
729 1977 771 2018 fati-

38 2051 131 2098 gatusque
145 2045 231 2103 offendit,
246 2047 278 2085 eui
291 2045 362 2086 laboris
376 2047 446 2085 trustra
460 2046 552 2097 insumpti
566 2057 634 2103 causas
648 2048 724 2092 retexit,
740 2047 773 2087 illa

39 2115 137 2155 hominem
156 2115 211 2166 sequi
223 2114 287 2164 jubet,
308 2114 390 2167 Niloque
408 2114 514 2165 proximum
533 2118 619 2154 statuens
637 2115 684 2162 buc,
705 2115 772 2166 inquit,

40 2182 86 2222 loco
100 2181 180 2233 Josephi
193 2181 286 2221 teretrum
299 2181 397 2227 invenies,
418 2180 541 2232 plumbeum,
563 2182 647 2233 quinque
662 2182 773 2222 cubitorum

40 2252 110 2304 optime
124 2249 208 2302 undique
223 2251 310 2290 clausum
324 2263 347 2290 ex
361 2250 463 2303 Magorum
478 2251 582 2297 sententia,
599 2251 631 2301 qui
645 2251 718 2303 Regem
732 2263 774 2290 mo-

39 2318 211 2369 nueruntludaeos
226 2319 341 2358 sacramenti
355 2310 449 2369 religione
463 2317 572 2369 impeditos,
585 2306 624 2357 nisi
634 2318 715 2369 Josephi
729 2329 775 2358 ossa

41 2384 144 2430 deferrent,
158 2395 263 2435 numquam
269 2386 356 2435 Aegypto
372 2388 491 2435 egressuros.
507 2385 575 2423 Statim
589 2384 656 2424 Moses
671 2385 725 2435 ripae
739 2384 776 2435 llu-v

39 2442 96 2494 minis
110 2454 212 2500 insistens,
233 2450 307 2503 loseph
321 2449 405 2503 Joseph!
420 2450 518 2497 exclamet,
533 2454 553 2490 tu
568 2454 656 2502 tempus,
672 2463 710 2504 quo
724 2452 775 2493 filios

41 2532 87 2562 suos
101 2522 154 2562 Deus
168 2520 251 2560 liberare
265 2525 342 2572 paratus
357 2523 392 2566 est,
408 2519 476 2559 adesse
490 2531 530 2558 non
544 2520 636 2571 ignoras,
659 2533 707 2571 quos
723 2521 775 2571 jure-

39 2585 119 2637 jurando
135 2589 238 2630 obstrictos
253 2588 323 2637 habes,
344 2587 462 2640 dagloriam
475 2587 528 2634 Deo,
549 2600 586 2635 nec
600 2588 678 2627 illorum
692 2588 777 2630 libertati

41 2667 104 2696 nroras
119 2659 186 2703 facito,
202 2658 247 2708 quin
263 2658 328 2708 polius
343 2647 382 2703 est,
398 2655 450 2708 qnod
465 2669 510 2708 agas
525 2657 599 2709 Deique
612 2668 681 2708 pacem
696 2659 777 2711 supplex

42 2733 76 2773 pro
86 2724 163 2766 ludaeis
179 2736 253 2770 exores,
269 2724 353 2766 ascende
368 2724 391 2765 ab
404 2724 465 2776 aquis,
481 2736 503 2764 ac
513 2722 608 2776 profundo
618 2736 703 2778 emerge.
720 2725 777 2765 Nulla

42 2801 105 2840 more,
130 2792 210 2846 Josephi
226 2793 318 2834 feretrum
336 2792 393 2833 undis
412 2804 485 2834 cannae
504 2791 528 2832 ud
545 2792 606 2833 instar
619 2793 703 2838 innatat,
725 2793 778 2845 quod

43 2858 109 2904 bloses
123 2861 206 2917 propriis
220 2861 306 2905 humeris
321 2866 422 2915 exceptum
437 2862 505 2910 avexit,
520 2862 603 2903 caeteris
617 2862 691 2904 interea
700 2861 778 2904 ludaeis
