1807 3145
380 202 445 235 Enochi
457 203 504 236 liber.
769 211 807 244 lil't

77 316 164 366 implens.
194 313 293 355 Tenebrae
312 319 366 355 erunt
386 329 451 357 corum
467 308 593 372 domicilium,
618 322 638 358 ct
651 330 726 359 vermes
741 328 808 360 eorum

78 388 154 428 lectusr
173 395 209 422 neo
225 383 327 435 sperabunt
340 384 392 430 iore,
417 390 437 424 ut
451 386 473 425 ab
494 387 532 425 hoo
552 386 603 426 lecto
618 387 687 426 iterum
701 389 806 439 assurgant,

79 453 121 506 quia
135 464 173 491 non
189 452 296 492 extulerunt
309 463 380 492 nomen
394 453 472 494 Domini
486 454 589 505 spirituum.

133 520 151 566 5]
167 520 294 559 Gontemnent
308 521 371 559 sidera
386 522 444 566 coeli,
469 528 536 561 manus
555 534 600 561 suas
614 523 682 561 tollent
696 528 761 560 contra
776 521 808 559 Al-

78 579 183 633 tissimum;
198 585 362 628 conversabuntur
372 591 391 627 et
404 587 514 630 habitabunt
527 581 613 635 interra,
628 588 726 629 manifesta
736 589 808 628 iacien-

79 662 107 696 tes
123 655 186 694 omnia
206 667 263 707 opera
284 666 330 694 suae
348 655 462 705 iniquitatis,
484 658 529 707 quin
543 658 601 697 immo
622 669 679 708 opera
696 656 807 707 iniquitatis.

78 722 143 764 Robur
157 735 223 761 eorum
243 723 278 762 erit
296 723 315 761 in
335 722 403 762 divitiis
423 724 517 774 ipsorum,
540 731 559 766 et
576 726 625 765 fides
647 737 714 765 eorum
726 725 746 763 in
759 722 807 767 Diis,

81 800 128 842 quos
149 788 277 828 formaveram
297 789 337 828 suis
358 789 445 840 ipsorum
466 791 559 830 munibus.
593 790 808 842 Denegabuntnomen

78 857 155 898 Domini
165 857 270 908 spirituum,
286 862 305 897 et
318 859 414 909 expellent
423 858 474 898 idem
485 871 507 909 ex
521 859 603 910 templis,
616 858 715 910 inquibus
729 861 808 901 coenum

118 918 121 924 ’
133 925 152 972 o)
166 925 213 965 item
228 926 283 965 etiam
292 925 366 971 fideles,
382 926 414 977 qui
423 931 513 967 vexantur
526 927 604 966 nomine
615 926 692 966 Domini
702 925 807 976 spirituum.

368 1038 428 1077 CAP.
449 1038 517 1079 XLVII.

79 1144 81 1146 ·
136 1130 154 1179 1)
168 1129 203 1170 lllo
219 1128 250 1170 die
264 1139 333 1180 preces
352 1132 461 1167 sanctorum
476 1133 495 1168 et
505 1128 601 1179 iustorum
615 1128 720 1170 ascendent
734 1140 744 1168 a
758 1133 808 1169 terra

78 1199 97 1237 in
111 1198 239 1249 praesentiam
252 1195 330 1235 Domini
343 1196 448 1245 spirituum.
698 1202 699 1206 ’

131 1252 152 1312 D)
165 1267 205 1305 Isto
217 1266 247 1304 die
262 1264 426 1314 congregabuntur
441 1266 508 1310 sancti,
524 1266 556 1316 qui
570 1277 627 1317 super
642 1266 703 1305 coelis
718 1264 807 1309 habitant.

78 1337 97 1372 et
112 1332 213 1381 conjuncta
227 1342 275 1371 vooe
289 1330 425 1380 precabuntur,
441 1332 583 1382 supplicabunt,
597 1321 730 1378 celebrabunt,
745 1330 808 1370 lauda-

77 1401 134 1446 bunt,
158 1404 181 1450 et
191 1399 282 1439 extollent
295 1409 366 1437 nomen
380 1396 458 1436 Domini
472 1397 583 1449 spirituum,
605 1402 682 1449 propter
696 1398 809 1448 sanguinem

76 1466 183 1516 justorum,
208 1466 240 1517 qni
261 1465 334 1504 effusus
354 1469 395 1510 est;
418 1475 442 1504 ne
462 1476 531 1515 preces
548 1466 645 1516 justorum
663 1466 809 1507 intermittantur

79 1547 143 1575 eoram
153 1521 236 1573 Domino
246 1533 356 1584 spirituum,
366 1537 387 1572 ut
395 1544 430 1583 pro
440 1533 464 1572 iis
471 1532 564 1583 judicium
573 1533 681 1583 instituatur
691 1538 710 1574 et
719 1533 808 1585 patientia

78 1601 124 1650 ujus
138 1601 211 1640 nonin
227 1604 325 1645 aeternum
339 1599 399 1638 duret.

134 1669 153 1716 3)
168 1669 210 1708 Hoc
230 1673 316 1718 tempore
333 1665 372 1707 vidi
387 1666 458 1706 Senem
478 1667 560 1715 dierum,
582 1664 681 1707 sedentem
701 1668 720 1706 in
739 1666 808 1706 throno
843 1669 845 1674 '

79 1737 149 1788 gloriae
160 1748 216 1782 suae;
227 1736 276 1775 liber
284 1736 332 1775 vitae
343 1739 419 1785 apertus
430 1739 460 1774 est
470 1748 533 1774 coram
544 1748 574 1781 eo,
586 1740 605 1782 et
615 1748 682 1775 omnes
695 1738 807 1787 potestates,

80 1814 127 1855 quae
142 1804 161 1843 in
176 1803 232 1843 coelo
248 1806 304 1848 sunt,
320 1802 370 1841 oirca
385 1806 404 1842 et
419 1806 463 1842 ante
477 1813 521 1842 eum
535 1803 614 1843 stabant.

134 1870 154 1917 4)
170 1871 219 1911 Tum
234 1870 292 1910 corda
305 1873 415 1909 sanctorum
426 1870 499 1921 gaudiis
514 1872 586 1921 repleta
596 1869 655 1917 orarit,
671 1872 714 1922 quia
725 1870 809 1921 justitiae

81 1937 220 1976 eonsrrmmatio
235 1940 322 1981 venerat,
337 1940 446 1975 sanctorum
458 1936 571 1987 supplicatio
586 1936 681 1981 exaudita,
701 1941 720 1974 et
732 1936 809 1986 sanguis

78 2003 173 2053 justorum
189 2003 299 2042 aestimatus
314 2006 354 2042 erat
368 2014 378 2042 a
392 2003 474 2042 Donrino
489 2003 593 2054 spirituum.

365 2115 426 2156 CAP.
448 2114 526 2159 XLVIII.

139 2206 157 2253 l)
171 2206 192 2244 Iu
208 2206 304 2245 hocloco
326 2207 416 2257 conspexi
429 2206 502 2245 iontem
516 2206 644 2253 rectitudinis,
666 2209 698 2258 qui
716 2217 811 2256 nunquam

81 2271 191 2319 deliniebat,
215 2267 378 2313 circumdatuma
395 2272 459 2313 multis
478 2273 581 2324 sapientiae
599 2273 702 2314 fonticulis.
736 2273 763 2312 Ex
782 2273 811 2311 bis

82 2351 149 2381 omnes
164 2340 252 2381 sitientes
266 2340 367 2386 bibebant,
382 2344 402 2379 et
416 2340 509 2392 sapientia
522 2340 656 2391 implebantur,
675 2341 812 2381 habitationem

81 2418 135 2446 suam
148 2408 240 2447 habentes
256 2419 300 2446 cum
311 2406 378 2456 justis,
399 2407 467 2447 electis
482 2411 501 2447 et
515 2408 591 2448 sanctis.
610 2409 612 2413 ⁴

134 2475 154 2520 ⁴2)
168 2476 191 2513 Et
205 2476 224 2512 in
238 2475 271 2513 illa
289 2475 335 2512 hora
353 2474 452 2514 invocatus
468 2480 497 2514 est
511 2476 570 2514 Filius
584 2475 667 2514 hominIs
682 2477 732 2526 apud
746 2468 811 2514 Domi-

82 2549 128 2579 num
142 2541 253 2592 spirituum,
273 2544 292 2580 et
306 2540 434 2599 nomenxejus
449 2553 514 2580 coram
529 2541 580 2580 Sene
596 2541 675 2581 dierum.

136 2608 155 2656 3)
169 2610 192 2649 Et
203 2612 303 2659 antequam
313 2599 388 2647 oreatus
397 2613 450 2648 esset
459 2608 489 2647 sol
500 2612 519 2648 ot
526 2607 586 2660 signa,
597 2613 697 2659 antequam
708 2608 813 2649 coaluerint

81 2673 147 2730 stellae
158 2676 214 2721 coeli,
231 2686 302 2715 nomen
316 2674 358 2725 ejus
368 2676 477 2716 invocatum
492 2682 521 2716 est
532 2687 596 2716 coram
608 2675 690 2714 Domino
706 2675 811 2725 spirituum.

81 2738 114 2779 lile
130 2743 166 2782 erit
181 2743 262 2783 baculus
274 2741 371 2791 justorum
392 2748 412 2783 et
425 2749 545 2788 sanctorum,
570 2748 589 2783 ut
604 2743 623 2781 in
638 2754 662 2781 eo
677 2743 780 2783 innitantur
795 2748 813 2782 el

81 2816 119 2845 non
134 2808 210 2854 cadant,
233 2814 250 2849 ot
265 2808 296 2847 ille
312 2808 365 2858 [erit]
380 2809 411 2849 lux
426 2811 515 2861 gentium.
