1807 3145
359 209 398 244 Vita
409 208 465 243 alosis.
732 214 773 254 307

41 333 106 373 sicut
120 330 196 370 herba
210 319 293 396 terjam,
314 329 376 371 donec
396 330 465 371 domos
481 319 562 381 qnispue'
577 340 622 369 suas
637 330 709 375 reversi
721 336 773 377 sunt

40 398 85 442 lnrle
101 398 266 439 tabernaculorum
280 400 327 439 ritus
342 400 429 440 manavit
450 399 526 438 Interea
535 399 624 448 Aegyptii
638 399 705 449 quibus
720 405 773 449 pote·
835 424 837 426 v

42 475 83 512 rant
98 467 161 507 motis
174 467 274 508 Hebraeos
290 467 411 514 itinerabant,
432 478 496 517 neque
511 472 574 506 tamen
588 465 647 506 hilum
662 468 689 507 cis
701 479 774 508 nocue·
806 505 808 507 .

42 536 164 583 runtfslcnt
178 537 271 587 scriptum
286 542 326 577 est:
341 548 417 587 super
437 535 536 575 dorsum
551 539 627 574 meum
642 542 774 577 araverunt

41 589 167 649 aratores,
182 604 409 654 prolongaverunt
423 603 521 641 solcum
536 614 612 642 suum

92 673 136 713 Erat
155 673 174 712 in
189 673 277 724 Aegypto
303 672 332 713 vir
348 672 422 717 Levita,
444 672 521 711 nomine
541 672 628 719 Arnram,
648 672 698 712 filius
712 672 774 712 Kehat

39 741 131 797 alti-Levi
146 738 179 780 tilii
193 740 264 783 Jacob,
284 741 316 781 hic
335 740 422 781 locebed
437 752 523 782 sororem
541 740 604 780 fratris
622 753 702 779 uxorem
716 740 773 780 dare-

39 815 78 857 rat‚
100 821 123 849 ex
143 822 179 861 qua
197 809 256 850 tiliam
271 810 357 861 suscepit
370 810 469 856 Mariam,
485 809 514 849 sic
530 808 669 861 eliciam,‘'qula
684 809 773 860 Aegyptii
791 813 793 816 ⁴

40 892 61 919 cr
71 878 129 918 Cham
145 878 219 918 oriundi
233 879 330 918 Israelitas
345 883 390 918 tunc
404 879 466 929 primo
481 878 566 928 pessime
581 877 693 917 habuerunt.
717 878 773 916 loce-

39 947 75 987 bed
82 947 151 985 iterum
162 946 251 997 concepit
257 946 369 998 peperitque
379 946 444 991 filium,
452 947 515 985 Aaron
524 937 568 985 ideo
577 949 671 991 vocatum,
680 947 724 996 quia
735 958 772 997 qno

39 1021 124 1066 ternpore
140 1018 245 1066 conceptus
257 1013 376 1060 est'Pharao
387 1025 458 1064 pueros
468 1014 568 1053 Hebraeos
578 1017 610 1052 ant
619 1012 701 1052 interfici
712 1018 744 1053 ant
753 1014 773 1052 in

38 1085 100 1125 Nilum
115 1082 171 1133 abjici
186 1081 291 1123 mandavit:
306 1087 373 1121 ornnes
382 1086 452 1121 tamen
466 1081 535 1131 eripuit
548 1081 648 1121 Dominus¹
671 1081 720 1121 Narn
730 1082 772 1134 ipse

38 1151 139 1203 profluenti
154 1152 270 1190 commissos
281 1151 373 1196 servavit,
387 1149 466 1201 Angelis
481 1162 528 1189 vero
537 1149 681 1189 ministralibus
693 1149 776 1189 relictos

38 1221 57 1260 in
65 1220 115 1271 agris
124 1220 202 1265 alerent,
212 1218 326 1269 adultosque
336 1217 446 1268 parentibus
456 1218 584 1263 restituerent,
592 1219 696 1268 imperavit.
707 1218 778 1265 Multis>

37 1294 101 1328 tamen
118 1287 182 1327 audito
197 1287 248 1338 regis
260 1286 322 1326 edicto
334 1286 357 1325 de
369 1285 481 1336 abjiciendis
491 1285 511 1324 in
520 1284 584 1325 Nilum
593 1285 671 1326 fiuvimn
680 1286 773 1325 ‘uxoribus

39 1369 103 1396 carere
114 1356 176 1396 visum
186 1359 221 1402 cst,
237 1360 293 1408 atque
303 1356 353 1395 inter
362 1367 397 1394 eos
406 1356 444 1407 ipsi
456 1355 538 1394 Amram.
558 1355 626 1394 Donec
636 1360 681 1405 post
690 1360 729 1395 tres
741 1369 778 1396 an<

38 1436 73 1462 nos
89 1424 166 1478 spiritus
178 1419 250 1464 sicinini
266 1435 324 1475 snper
338 1423 417 1465 Mariam
431 1424 503 1463 eliusus
518 1428 556 1469 asc,
573 1434 621 1474 quae
635 1423 779 1474 prophetizans-

39 1504 94 1536 ecce,
109 1493 182 1542 inquit
196 1493 246 1541 patri
261 1496 282 1530 et
293 1492 348 1530 matri
363 1504 418 1531 meae
432 1491 482 1530 filius
501 1497 601 1537 nascetur,
622 1492 654 1542 qui
668 1492 726 1532 lsrael
749 1493 772 1532 ilc

38 1571 94 1600 manu
103 1560 184 1612 Aegypti
198 1559 292 1599 liberabit.
316 1559 422 1599 Persuasus
434 1559 471 1599 hoe
486 1558 666 1605 vaticinioAmrarn‚
682 1565 773 1600 revocata

38 1633 82 1679 post
106 1628 209 1668 trienninm
230 1628 313 1679 conjuge
335 1639 382 1667 usus
404 1634 444 1673 est,
471 1640 518 1679 qnae
538 1631 591 1667 sexto
614 1628 682 1668 abhinc
702 1642 771 1670 mense

39 1697 134 1746 concepit,
149 1697 267 1748 peperitque.
290 1697 356 1737 Partus
371 1700 458 1747 ternpore
472 1699 512 1736 tota
526 1695 595 1734 <lomus
609 1696 667 1736 veluti
680 1698 727 1736 solis
742 1704 778 1738 aut

39 1764 95 1802 lunae
115 1763 189 1815 fulgore
209 1764 302 1814 repletur,
328 1764 393 1813 prodit
412 1764 563 1802 formosissimus
585 1765 658 1809 infans,
679 1771 734 1815 atquc
752 1768 776 1805 io-
827 1773 830 1775 '

39 1831 124 1873 conclavi
139 1836 178 1870 ires
194 1844 272 1872 menses
287 1831 416 1872 absconditur.
445 1830 500 1870 Tunc
517 1843 563 1870 vero
578 1831 677 1883 Aegyptiis
692 1827 777 1874 ancaeo:

39 1912 81 1938 rum
95 1912 168 1939 nornen
184 1900 253 1939 callido
268 1901 350 1941 consilio
366 1901 499 1940 internecione
514 1900 578 1940 delere
593 1901 669 1952 placuit.
697 1903 773 1943 Etenim

38 1980 111 2007 uxores
122 1980 167 2007 suas
177 1973 247 2008 terram
257 1969 328 2016 Goscn,
344 1969 364 2008 in
377 1980 413 2020 qua
422 1968 520 2008 Israelitae
530 1969 658 2015 morabantur,
669 1971 698 2009 ire
705 1971 779 2020 jassa-1

40 2041 93 2081 nuri,
109 2036 153 2076 illae
168 2035 218 2075 filios
233 2038 318 2076 nondum
333 2037 386 2088 loqui
402 2036 470 2076 [loclcs
485 2036 568 2076 humeris
587 2041 683 2088 gestantes
698 2039 772 2089 prolec-

39 2108 69 2142 tae
80 2107 129 2143 sunt
150 2102 266 2144 lsraeliticae
281 2104 371 2144 mulieres
386 2109 441 2143 natos
457 2105 534 2155 quidem
549 2116 595 2142 suos
611 2106 732 2152 occulebant
747 2121 772 2146 ne

38 2169 79 2211 illos
94 2171 182 2223 Aegyptii
196 2172 334 2220 interficerent,
351 2175 367 2212 si
381 2178 446 2225 partus
462 2177 548 2225 tempora
562 2174 667 2213 novissent.
688 2175 768 2215 >Verum

38 2239 79 2279 illas
98 2241 202 2291 Aegyptiae
222 2241 327 2281 invisentes
349 2253 393 2280 oum
412 2253 483 2291 pueros
503 2254 570 2280 secum
585 2242 689 2289 deferrent,
708 2246 772 2294 statim

39 2318 94 2355 quarn
112 2307 140 2344 illi
155 2309 272 2357 Aegyptiace
292 2309 388 2359 quidpiam
408 2309 547 2354 balbutiebant,
568 2311 675 2350 absconditi
690 2311 771 2351 Hebraei

38 2371 101 2424 lingua
116 2379 220 2424 utcumque
240 2388 273 2416 sua
294 2376 442 2426 respondebant.
472 2377 514 2415 Hoc
532 2377 586 2426 ipsae
605 2379 686 2423 maritis,
709 2381 772 2419 mariti

38 2438 130 2480 Pharaoni
145 2440 245 2489 dicebaut,
267 2443 298 2493 ani
313 2442 434 2493 speculatore
449 2443 509 2482 misso
530 2454 564 2482 ecs
586 2444 697 2495 accipiebat.
726 2446 773 2486 Post

39 2510 115 2549 tertium
129 2521 217 2549 mensem
231 2510 318 2549 Jocebed
332 2515 405 2561 partum
419 2523 453 2550 rer
466 2510 566 2562 intelligit,
589 2511 622 2552 illa
642 2514 705 2553 subito
726 2526 773 2565 pue-

39 2583 79 2614 rum
95 2581 194 2616 contextae
210 2589 232 2615 en
245 2576 309 2626 juncis
324 2590 380 2616 arcae
393 2579 504 2627 impositum
517 2579 555 2617 Nili
570 2580 622 2630 ripae
638 2581 707 2627 credit,
727 2581 772 2621 darm

37 2639 91 2689 y'ussa
106 2656 162 2684 soror
176 2644 261 2697 pignoris
280 2649 369 2686 eventurn
389 2656 399 2684 a
417 2645 475 2696 longe
495 2645 588 2686 observat.
615 2646 658 2687 Hoc
679 2649 772 2699 temporis

39 2716 136 2753 momento
151 2717 205 2753 aestu
220 2713 308 2754 diuinitus
318 2714 405 2752 immisso
417 2712 494 2754 ardebat
504 2716 611 2767 Aegyptus,
625 2727 690 2767 eoque
705 2729 773 2758 omnes

40 2779 133 2830 tamquam
147 2782 221 2821 solibus
235 2782 313 2835 aestivis
334 2782 458 2823 incaluerant.
487 2783 536 2823 Hinc
557 2783 610 2835 regio
629 2785 683 2836 virgo
703 2797 772 2837 magna

39 2846 144 2891 puellarum
165 2853 240 2890 caterva
261 2849 285 2888 aa
309 2848 381 2888 fiumen
401 2850 485 2890 lavatura
504 2851 616 2897 descendit,
642 2853 727 2903 aliaeque
748 2854 772 2894 de

593 2917 641 2959 20*
