1807 3145
387 166 450 205 Enochi
462 167 510 202 liter.
678 152 680 155 Α
772 177 812 215 279

82 281 157 324 videtur
171 278 228 319 studii
242 278 286 319 huic
300 279 376 330 linguae
390 281 523 333 impendendi,
538 294 601 335 neque
616 296 660 324 vero
675 285 694 324 in
709 296 733 324 eo
747 297 812 336 perse-

83 360 172 394 verasse,
189 352 293 399 occupatus
303 347 378 388 scilicet
388 349 468 400 copticis
482 350 559 397 litteris,
571 350 614 390 dein
623 357 684 392 rrrcrte
694 353 811 406 absumptus.
842 352 844 355 ’

134 416 248 456 Versionem
267 427 330 455 meam
349 427 372 475 en
391 417 432 457 lldS⁴
456 417 561 458 Bodleiano
579 412 687 464 liniremur,
710 421 811 474 antequam

80 484 220 535 cognovissem,
231 483 329 534 delegatos
341 483 384 522 illos
399 484 447 533 preli
461 484 609 536 descriptionem
623 487 734 536 parisiensis
748 490 810 531 uisa

80 549 156 592 Woidio
166 550 234 589 factam
244 550 351 600 possidere.
363 571 364 574 =
375 551 484 589 lixarninata
494 555 556 590 autem
564 551 599 590 hac
613 552 740 604 descriptione
749 557 810 597 direr-

80 620 145 658 sitates
156 618 248 670 quasdam
261 618 342 657 duorum
354 617 488 669 exemplarium
502 619 587 660 fortuitas
603 620 638 660 sed
651 622 761 665 manifestos
776 635 810 663 no-

78 687 126 733 tavi,
142 690 223 726 attamen
233 685 283 726 haud
296 686 343 725 satis
354 691 460 725 accuratam
472 688 543 734 inueni,
556 700 611 740 quani
621 696 641 729 ut
656 693 674 730 ei
684 690 732 731 tides
742 692 808 731 haberi

77 757 149 804 posset.
177 754 254 792 Nullum
275 753 335 792 adhuc
360 764 382 791 err
404 753 455 804 donc
478 755 516 793 isto
537 756 653 795 Bodleianae
676 758 807 800 Bibliothecae

77 820 145 861 tradito
160 820 309 860 emolumenturn
323 819 441 859 redundasse
460 821 480 859 in
502 833 543 860 rein
558 822 668 862 litterariam
681 823 722 873 jam
735 837 808 863 memo-

77 888 121 929 ravi.
159 888 219 928 Aliter
243 901 288 929 rero
314 901 346 928 res
373 900 394 927 se
422 888 479 928 habet
504 901 547 928 cunr
574 888 643 929 ceteris
668 890 725 932 MSS.
760 891 807 932 Narn'

33 1003 36 1010 l
77 956 99 993 D.
113 955 200 1005 marrey,
226 957 316 994 itinerum
329 956 466 995 Bruciauornm
482 956 554 1004 editor,
577 969 600 996 ex
618 959 682 998 Brucii
708 959 806 999 schedulis

76 1022 134 1068 breue
149 1023 272 1062 summarium
287 1021 369 1062 exhibuit
385 1034 457 1068 eorum,
474 1034 521 1075 quae
535 1024 556 1062 in
570 1024 619 1063 libro
637 1027 778 1073 commeantum
791 1025 805 1075 1)

76 1094 95 1129 et
116 1089 238 1128 doctissimus
261 1088 355 1130 Silvester
382 1088 406 1128 de
429 1089 488 1141 Scep,
514 1092 532 1129 in
553 1093 632 1137 „notitia
655 1094 698 1133 libri
717 1094 804 1134 Euochi“

76 1157 137 1204 (edita
155 1149 175 1196 in
193 1156 292 1196 Thesauro
306 1156 471 1208 Encyclopaedico
495 1169 537 1197 aun.
557 1159 588 1199 ti.
612 1160 667 1200 Toru.
685 1162 698 1201 l,
717 1174 735 1213 p.
757 1162 804 1210 382)

75 1224 152 1263 latinam
171 1224 228 1264 nobis
244 1224 370 1275 suppeditavit
387 1225 443 1264 trium
457 1225 553 1276 priorum,
573 1227 619 1266 item
638 1230 686 1268 serti
706 1229 805 1281 usquead

75 1291 268 1338 sextumdecimum,
283 1291 365 1343 denique
378 1292 466 1344 vigesimi
480 1292 560 1332 secundi
581 1299 601 1334 et
617 1295 709 1346 trigesimi
724 1297 804 1336 secundi

75 1357 157 1408 capitum
171 1357 280 1398 versionem
295 1369 317 1397 err
331 1359 432 1409 parisiensi
446 1360 575 1411 manuscripto
590 1361 682 1400 haustam.

81 1448 221 1455 ⁵ae——-‘——--

119 1508 138 1551 1)
151 1509 225 1551 „uersu
237 1521 258 1544 eri
270 1519 330 1555 graeco
343 1509 432 1554 cneniplari
448 1510 528 1551 deducta,
546 1522 588 1555 quae
604 1513 622 1544 in
634 1510 728 1555 aethiopico
744 1513 803 1545 codiee

73 1575 120 1598 sacro
132 1567 226 1608 iuvenitur,
239 1569 268 1600 sub
280 1567 328 1599 titulo
340 1568 422 1599 hletsahat
433 1567 501 1607 Hence,
518 1568 598 1601 dividitur
615 1569 632 1601 in
644 1567 677 1602 XC.
693 1568 748 1611 helel,
767 1570 803 1603 siro

74 1622 134 1665 capita.
157 1622 218 1666 incipit
234 1627 287 1656 autern
304 1632 340 1654 curn
352 1622 383 1655 hac
394 1622 509 1665 praelatione:
521 1641 542 1646 -
555 1622 583 1664 „ln
595 1624 661 1655 nornine
676 1624 717 1664 liei,
734 1624 803 1666 benigni

74 1683 90 1711 et
106 1678 201 1720 elementis¹
218 1680 262 1713 tardi
278 1681 298 1713 ad
311 1681 360 1720 irarnp
376 1679 486 1712 misericordis
503 1685 520 1711 et
536 1682 594 1713 senen,
618 1680 649 1712 liic
664 1679 707 1713 liber
722 1679 804 1717 estliber

72 1734 136 1768 Euochi
147 1737 194 1771 vatis.
218 1736 316 1769 benedictio
329 1734 346 1769 et
358 1735 435 1768 auxilium
448 1736 483 1776 ejus
495 1738 517 1767 stt
529 1747 564 1768 cum
576 1737 668 1769 amentibus
680 1745 716 1769 euin
728 1736 745 1769 iu
756 1746 804 1769 omne

73 1801 142 1832 nerum,
158 1791 215 1827 Anien.
231 1792 240 1811 ⁷¹²
259 1784 299 1835 Cap.
316 1790 331 1824 1.
351 1791 422 1825 Verlrour
439 1792 562 1825 benedictionis
577 1792 651 1833 hocchi,
670 1802 702 1836 que
718 1792 805 1825 benedixit

72 1845 130 1879 electis
141 1858 160 1880 ae
175 1848 231 1891 probis
239 1849 317 1890 antiquae
329 1849 393 1881 aetatis.
417 1848 437 1879 Et
446 1849 503 1880 Enoch
516 1848 589 1881 clevavit
597 1860 655 1881 vocem
663 1855 680 1881 et
691 1848 755 1881 locutus
771 1853 803 1890 est,

72 1910 138 1938 sanctus
150 1907 176 1939 vir
187 1906 229 1947 Dei,
242 1906 279 1937 dum
291 1903 335 1937 oculi
347 1904 382 1946 ejus
394 1908 458 1946 patent,
472 1909 488 1937 et
501 1904 547 1939 ridet
558 1910 630 1938 sanctam
642 1906 724 1938 visionem
735 1905 752 1936 in
765 1914 805 1936 coe-

72 1960 102 2003 lis,
115 1972 163 2006 quam
175 1958 230 2007 angeli
242 1962 258 1996 ei
270 1960 374 1995 revelabant.
397 1961 418 1993 Et
429 1962 485 1994 audivi
498 1972 519 1994 en
531 1963 552 1993 iis
563 1962 623 2002 onmia,
636 1965 653 1992 et
665 1960 749 2000 intellexi,
763 1970 806 2003 quae

72 2018 150 2052 videram.
163 2037 183 2042 α
196 2018 261 2050 Deinde
273 2020 347 2062 sequitur
359 2018 426 2050 historia
438 2018 540 2060 angelorum,
554 2018 636 2061 quomodo
647 2017 669 2050 de
677 2016 724 2048 coelo
733 2017 804 2049 descen-

76 2073 142 2115 derint,
155 2080 219 2105 etcum
232 2075 315 2106 hominurn
326 2074 391 2106 filiabus
402 2076 479 2116 gigrrntes
491 2074 627 2116 procreaverint,
640 2078 689 2117 atque
702 2073 731 2106 hos
743 2073 806 2106 docue-

76 2129 109 2161 rint
120 2134 164 2162 artes
179 2130 218 2163 belli
231 2135 247 2164 et
262 2132 308 2173 pacis
321 2135 338 2163 et
353 2129 438 2162 luxoriam
465 2128 535 2162 Nomina
552 2129 610 2162 ducum
627 2134 746 2171 memorantur,
765 2140 807 2172 pirae

76 2185 164 2220 hebraicae
182 2183 251 2231 originis
267 2197 314 2227 esse,
331 2186 361 2220 seo
375 2195 435 2230 graeca
451 2186 524 2218 dictione
541 2191 618 2228 corrupta
633 2185 717 2218 videntur.
742 2184 807 2218 Deinde

76 2242 106 2275 Dei
123 2243 208 2277 consilium
224 2244 312 2278 evertendi
328 2253 356 2276 eos
373 2242 441 2275 Enceho
458 2242 545 2287 revelatur,
573 2241 634 2280 Quibus
651 2241 700 2275 rebus
714 2242 808 2275 ‚octodecim

76 2300 142 2334 circiter
159 2304 216 2345 capita
231 2301 342 2346 complentur,
358 2311 400 2344 quae
415 2300 435 2333 ll.
449 2301 517 2333 brucins
528 2300 594 2343 anglice
605 2299 710 2339 reddiderat,
726 2299 756 2332 sed
768 2309 808 2342 per-

77 2359 131 2389 taesus
146 2358 171 2389 rei
189 2357 257 2390 destitit.
281 2358 306 2390 ab
321 2363 380 2390 octavo
399 2358 462 2389 decimo
479 2357 533 2397 capite
549 2366 601 2399 usque
619 2357 639 2388 ad
656 2356 809 2398 quinquagesimum

76 2409 134 2447 Enoch
146 2413 166 2446 ab
178 2412 234 2447 Uriele
247 2418 264 2446 et
275 2412 359 2456 Raphaele
370 2423 401 2456 per
413 2414 493 2446 visionum
510 2412 570 2443 seriem
582 2411 680 2452 deducitur,
698 2420 756 2454 parurn
767 2421 810 2444 eon·

77 2477 135 2503 ueram
153 2482 189 2504 curn
198 2470 340 2504 antecedentibus.
361 2469 412 2503 Videt
427 2469 512 2503 ardentem
525 2462 723 2514 lapsorumangelorum
739 2467 809 2509 vallem,

76 2531 169 2561 sanctorum
186 2527 289 2572 paradisum,
303 2533 385 2560 extremos
396 2531 451 2559 terrae
467 2526 514 2563 lines,
528 2526 618 2558 tonitruum
630 2531 647 2559 ct
659 2514 750 2570 fulgurum,
767 2535 810 2558 ven-

78 2584 138 2624 torum,
152 2583 219 2627 pluviae
231 2588 248 2616 et
258 2584 301 2616 reris
313 2584 382 2623 horrea,
402 2587 419 2615 et
436 2582 515 2625 angelos,
533 2583 560 2626 qui
578 2582 604 2616 his
619 2587 702 2627 praesunt.
725 2581 743 2615 lu
760 2580 810 2615 aedes

79 2673 210 2683 -—--.„.......

122 2733 140 2778 )
153 2734 198 2770 llaec
213 2736 269 2772 breuis
282 2737 364 2781 praefatio
377 2737 393 2769 in
410 2735 473 2770 duobus
486 2735 541 2770 alteris
557 2744 656 2775 occurrens,
674 2735 721 2767 deest
738 2734 754 2765 in
767 2733 811 2766 Rod-

17 2812 20 2815 κ
77 2793 131 2826 ieiuno
143 2793 177 2826 tis.
