1807 3145
352 193 391 241 Vita
398 191 475 241 Mertiut

47 311 183 363 laetitiamque
191 312 240 362 „suis
255 313 548 364 subt-rariivultibus-omnem

47 383 70 423 Ut
84 393 123 421 nou
138 381 232 433 proferret
246 382 324 434 verbum
332 412 337 429 ‚
345 384 457 436 risumque
466 385 557 422 moveret·

101 505 175 545 Interea
190 506 253 546 visura
266 499 417 559 ¹riuoe'mregina
431 519 466 556 per
480 507 542 547 aulam

47 576 97 621 ibat,
113 578 132 614 et
145 578 167 614 ut
181 573 247 614 decuit
261 586 294 614 rer
309 563 434 632 applaudebat
448 575 508 620 eunti;

46 645 119 695 Perque
134 653 211 681 manum
226 642 318 694 suscepit
328 654 380 688 eam,
393 635 492 694 jussitque
503 642 581 688 sedere.
607 653 610 658 ’

47 713 69 752 Et
84 710 140 750 dalrat
155 712 251 761 amplexus
267 699 286 753 et
301 711 324 751 ad
340 703 406 752 oscula
420 712 473 765 labra
487 702 599 764 premebat.>
649 754 650 757 ,

47 779 204 830 Convertensque
220 789 266 817 suos
279 767 300 817 in
316 790 358 818 eam
371 790 406 829 per
420 779 463 835 talia
478 779 551 826 vultus,
572 770 573 773 ¹

46 845 96 886 Vidit
109 846 129 885 in
143 846 194 886 illius
209 847 276 903 folium
289 848 374 898 pendere
389 849 472 899 capillis:
504 874 511 880 ν

45 916 94 966 Ergo
110 925 156 954 suos
172 913 241 967 digitos
257 902 340 955 admovit
355 921 374 955 et
388 916 481 957 abstrahit
492 912 500 937 ¹
513 916 570 965 illud,

45 982 68 1022 Et
81 981 165 1032 projecit
178 982 241 1028 humi,
257 983 360 1034 laetusque
370 983 448 1033 jocatur
461 985 536 1024 amanti.
561 1007 562 1010 =

46 1049 107 1089 uteru
121 1049 145 1089 arl
159 1049 196 1087 hon
212 1049 280 1091 oeulos
294 1054 359 1095 rates,
374 1051 473 1103 risumque
487 1052 577 1097 resolvit,

45 1121 174 1170 Astantesque
189 1117 241 1158 viros
256 1117 301 1156 lecit
316 1109 432 1169 convertere
442 1118 505 1159 vultus

45 1188 66 1227 ln
81 1199 112 1232 se,
128 1187 219 1226 mirantes
233 1175 501 1238 ‘quoniam'riderenegarat

45 1256 84 1296 Rer
100 1265 176 1307 quoque
190 1252 277 1296 miratur,
292 1257 466 1304 percunctaturque
480 1255 575 1295 furentem

45 1319 92 1361 Tam
107 1322 170 1362 subito
184 1322 229 1361 laeti
244 1310 404 1365 oausasetlinere
418 1323 481 1370 risus,

44 1390 74 1431 rtrl
86 1391 172 1442 jecitquo
188 1391 227 1431 suis
236 1378 323 1430 ssoonaria
335 1391 417 1441 plurima
431 1392 500 1432 verbis.
512 1415 516 1420 ψη
535 1382 537 1384 ’
559 1406 561 1409 ·
609 1381 610 1384 “

44 1452 78 1497 llle
92 1462 155 1503 tacet,
171 1458 273 1509 differtque
289 1470 335 1515 suos
351 1471 447 1514 exponere
459 1450 531 1499 risusssr

44 1525 143 1577 armagis
158 1530 214 1578 atque
229 1525 289 1578 magis
304 1525 366 1578 pretio
380 1525 509 1578 precibusque
521 1538 602 1567 movere

45 1593 131 1646 Instabat
144 1594 256 1637 Rodarohus
271 1605 324 1634 eum:
335 1581 378 1634 ‘tum
393 1593 476 1646 lenique
490 1599 543 1636 vates

45 1661 156 1712 Indignatus
172 1662 190 1700 ei
205 1674 240 1712 pro
254 1673 345 1721 munere,
359 1661 403 1703 talia
417 1662 476 1702 fatur:
502 1653 504 1655 ’

102 1785 184 1839 „lllunus
199 1796 266 1832 avarus
281 1790 342 1831 amat,
357 1785 475 1837 cupidusque
489 1785 564 1826 laborat
576 1785 654 1826 habere:

46 1855 70 1896 Hi
83 1855 151 1896 faciles
166 1857 239 1896 animos
254 1855 334 1899 flectunt
348 1866 462 1907 quoeunque
474 1855 576 1906 jubentur,

46 1924 126 1964 Munere
141 1925 235 1974 corrupti:
251 1923 302 1974 quod
315 1923 386 1961 habent
399 1936 438 1960 non
452 1923 526 1961 sufficit
539 1923 587 1967 illis‚‘

46 1993 70 2030 At
84 1991 130 2031 mihi
144 1990 244 2031 suilioiuut
258 1989 337 2041 glandes
353 1988 450 2030 Calidonis
465 2001 568 2036 amoenae,

46 2062 69 2101 Et
83 2061 137 2102 nitidi
150 2062 214 2100 lentes
229 2072 264 2110 per
279 2059 350 2098 olentia
363 2063 417 2110 prata
430 2059 523 2099 fluentes:
552 2099 554 2102 f

46 2129 127 2170 Munere
141 2141 180 2167 non
195 2127 269 2178 capior:
284 2138 318 2166 sua
332 2137 412 2167 munera
426 2127 480 2166 tollat
494 2138 566 2168 auarus.

46 2198 69 2237 Et
83 2197 120 2237 nisi
134 2196 212 2237 libertas
228 2195 293 2242 detur,
307 2198 433 2246 repetamque
447 2195 530 2235 virentes
605 2228 606 2231 ,

47 2266 141 2306 Silvarum
154 2265 225 2311 valles,
240 2266 290 2305 risus
306 2263 378 2316 aperire
393 2264 488 2317 negabor

47 2334 98 2387 Ergo
114 2346 157 2373 oum
171 2334 223 2373 nullo
238 2332 333 2383 potuisset
347 2337 503 2372 muuerevatem

47 2400 136 2440 llleetere
151 2399 272 2443 Roderehus,
288 2409 325 2451 uee
340 2409 375 2435 eur
388 2399 464 2439 risisset
477 2395 583 2443 haberet3‘2
630 2413 634 2416 -

48 2469 153 2509 Confestim
167 2477 202 2507 sua
216 2464 278 2508 vinela
292 2463 332 2506 viro
347 2462 453 2505 dissolvere
466 2462 532 2516 jussit,
583 2464 587 2470 '

47 2537 121 2591 Datque
136 2539 250 2591 potestatem
264 2537 366 2574 nemorum
379 2534 455 2574 deserta
468 2535 557 2586 petendi,

47 2604 72 2645 Ut
86 2606 132 2646 velit
146 2607 227 2656 optatam
242 2603 292 2641 risus
308 2599 438 2652 expromere³
453 2613 535 2642 oausam.

68 2696 210 2705 Μ

92 2745 110 2786 1)
117 2728 275 2780 ⁴Liberalterobt
282 2743 332 2778 ulit:
344 2743 387 2778 forte
399 2742 493 2778 abstulit
506 2743 595 2790 legendum
603 2755 646 2779 rcum
657 2745 709 2779 tribus
719 2742 777 2789 eodm:

48 2805 77 2837 sed
90 2804 128 2839 ride
140 2813 156 2838 u.
168 2801 207 2838 288.
231 2799 248 2840 2)
261 2799 317 2836 uouex
328 2806 377 2835 uetus
389 2802 486 2843 hereret3
499 2801 551 2844 alter,
567 2803 666 2838 recessit
675 2801 777 2837 ,naheren-

49 2864 118 2903 uterque
131 2865 212 2905 corrupte.
229 2857 248 2902 3]
261 2858 300 2893 Tres
312 2859 359 2892 eodal.
371 2860 434 2895 hahent
445 2861 579 2904 exprimere.
