1807 3145
379 178 442 211 Enoohi
454 179 502 213 liber.
766 187 807 222 211,

132 292 154 340 2)
169 291 214 330 ldeo
229 290 288 342 perles
304 303 350 330 suos
366 291 446 339 sustulit,
462 298 482 333 et
498 291 579 332 adfines
595 298 656 333 terrae
666 294 767 345 processit,
783 295 806 333 ad

77 359 212 402 habitationem
226 361 291 409 proavi
307 360 336 398 sui
350 360 427 399 Enochi.
626 354 628 357 ⁴

131 430 153 472 3]
168 426 191 464 Et
204 426 258 465 Noah
273 438 335 465 ainana
349 439 397 466 voce
412 433 441 466 ter
455 427 576 467 exclamavit:
595 426 646 464 Audi
659 438 696 471 me,
712 428 755 466 audi
768 423 805 474 me,

77 493 119 533 audi
134 505 171 531 me.
199 493 223 532 Et
243 493 298 531 dixit:
320 491 351 530 dic
370 493 425 538 mihi,
446 493 491 544 qnid
506 497 571 543 agatur
584 494 604 531 iu
619 498 678 538 terra,
699 505 742 533 narn
756 500 807 535 terra

77 562 158 606 laborat,
180 565 200 600 et
213 561 307 601 violenter
322 560 409 611 quatitur.
438 561 493 601 Certe
509 572 553 599 cum
567 571 590 598 ea
603 558 690 599 interibo.
774 561 781 569 ”

133 630 156 678 4)
171 629 218 668 Post
231 629 268 667 hoo
284 640 352 679 magna
364 634 404 668 erat
417 630 533 680 perturbatio
547 629 566 668 in
578 633 633 675 terra,
648 633 711 669 etvox
725 642 736 669 e
751 630 806 670 coelo

79 697 143 737 audita
158 701 194 734 est.
220 696 240 734 ln
254 696 323 733 taciem
337 697 439 745 procubui,
459 703 499 735 tum
513 708 593 746 proavus
608 707 662 735 meus
675 697 742 735 Enoch
756 698 807 737 venit

77 769 95 803 et
105 762 157 812 juxta
172 775 202 801 me
218 761 274 802 stetit.
789 759 791 762 ’
806 800 808 804 ,

131 830 153 879 5)
168 830 256 881 Dixitque
278 829 333 868 mihi:
360 841 394 868 cur
415 829 523 869 exclamasti
546 828 569 868 ad
587 841 618 868 me
640 841 702 870 amara
721 842 769 870 voco
788 837 807 870 et

76 898 228 940 lamentatione?
490 946 492 948 ι
797 931 799 933 ,

130 969 152 1014 o)
167 967 255 1005 Edictum
274 966 319 1004 exiit
337 977 348 1003 a
362 966 445 1003 Domino
460 970 526 1003 contra
541 975 585 1008 eos,
611 965 643 1013 qui
657 966 676 1003 in
690 970 740 1005 terra
754 967 807 1006 habi-

78 1039 125 1081 lant,
150 1039 171 1074 ut
189 1035 294 1079 intereant,
318 1043 362 1072 nam
376 1042 436 1081 vomne
459 1033 554 1070 secretum
575 1021 686 1082 angelorum
706 1038 805 1080 noverunt,

76 1114 152 1142 onmem
173 1103 269 1142 inimicam
284 1107 304 1141 et
317 1105 411 1141 semotam
425 1099 529 1151 potentiam
544 1097 668 1145 daemonnm,
694 1105 713 1139 et
728 1113 804 1141 omnem

75 1171 177 1220 potentiam
192 1181 269 1215 eornm,
292 1168 324 1219 qui
338 1167 411 1219 magiae
426 1166 484 1206 dediti
499 1169 553 1210 sunt,
565 1170 593 1227 ¹et
607 1177 685 1212 eorum,
706 1170 739 1218 qxri
753 1169 806 1208 tusas

75 1236 167 1287 imagines
183 1235 320 1275 conficiuntur
334 1240 373 1274 tota
387 1238 442 1273 terra.

130 1303 273 1350 taxaverunt,
296 1302 392 1351 quomodo
413 1305 512 1352 argentum
531 1312 554 1338 ex
567 1300 645 1351 pulvere
660 1305 722 1340 terrae
736 1303 806 1353 produ-

76 1375 139 1415 catur,
165 1373 184 1409 et
202 1367 299 1420 quomodo
319 1369 340 1407 in
357 1372 408 1407 terra
426 1366 548 1417 [metallicae]
564 1371 627 1418 guttae
646 1369 738 1416 existant,
763 1382 807 1411 nam

75 1436 175 1489 plumbum
196 1441 215 1475 et
234 1441 322 1475 stannum
341 1447 379 1474 nou
394 1435 525 1486 producuntur
539 1447 550 1474 e
564 1439 624 1480 terra,
649 1440 670 1474 ut
687 1437 749 1486 primo
764 1450 807 1489 pro-

77 1505 173 1546 ductionis
188 1516 255 1544 corum
268 1504 327 1544 fonte.

130 1575 152 1620 S)
168 1572 300 1622 §adaugens
314 1571 344 1607 his
358 1575 445 1620 praeest,
466 1576 485 1608 et
499 1571 610 1620 praevenire
625 1570 694 1610 studet,

132 1640 154 1690 a)
169 1638 219 1678 Tum
233 1649 315 1689 proavus
329 1648 384 1676 meus
398 1635 465 1676 Enoch
479 1648 536 1675 manu
551 1646 585 1675 sna
599 1647 630 1676 me
644 1638 754 1688 prehendit,
770 1642 806 1680 eri-

78 1719 125 1758 gens
140 1719 171 1745 me
187 1711 206 1746 et
220 1707 298 1746 dicens:
317 1706 333 1751 i,
353 1716 397 1744 nam
411 1706 513 1743 Dominum
527 1705 641 1756 interrogari
656 1705 679 1744 de
694 1707 729 1746 hac
744 1712 805 1749 terrae

75 1773 221 1823 perturbatione,
237 1774 269 1824 qxxi
283 1772 391 1823 respondit:
405 1777 483 1823 propter
495 1771 611 1823 impietatem
624 1784 692 1812 eorum
707 1774 807 1816 innumera

75 1851 142 1879 eorum
158 1841 230 1889 judicia
253 1851 317 1878 coram
337 1852 368 1877 me
391 1845 522 1877 consummata
542 1843 591 1877 sunt.
623 1839 686 1879 Lunas
704 1842 807 1893 inquisive-

75 1912 128 1954 runt,
151 1912 170 1945 et
188 1910 329 1957 cognoverunt,
350 1911 420 1945 terram
438 1906 555 1945 interituram
575 1917 618 1945 cum
638 1906 672 1952 iis,
697 1909 728 1958 qni
749 1909 769 1948 in
784 1922 806 1950 ea

75 1974 164 2014 habitant.
193 1975 228 2014 His
244 1972 312 2025 [locus]
327 1973 396 2025 refugii
411 1986 450 2012 non
464 1974 499 2013 erit
513 1974 533 2012 in
548 1979 660 2020 aeternum..

73 2041 74 2045 ’
118 2043 155 2089 10)
170 2041 249 2081 Secreta
260 2041 376 2087 detexerunt,
386 2045 487 2091 propterea
496 2040 528 2080 isti
535 2040 676 2090 judicabuntur,
687 2054 750 2093 neque
758 2055 804 2084 vero

75 2114 100 2155 tu,
115 2110 141 2148 mi
151 2108 183 2148 tili.
197 2109 291 2148 Dominus
303 2108 402 2158 spirituum
417 2109 460 2153 scit,
476 2113 495 2148 le
509 2120 578 2158 purum
592 2115 611 2149 et
624 2110 696 2149 bonum
711 2113 805 2161 esse‚‚[et

76 2175 165 2226 liberum}
182 2177 261 2214 crimine
276 2173 411 2223 [detectorumt
427 2180 552 2213 secretorum.

120 2245 154 2291 ll)
169 2244 213 2291 llle,
234 2249 322 2288 sanctus,
338 2255 410 2282 nomen
423 2247 477 2282 tuum
491 2242 566 2281 inedies
581 2243 630 2282 inlex
643 2249 721 2283 sanctos
737 2244 805 2285 confir-

75 2310 141 2357 mavit,
164 2317 183 2352 et
197 2317 216 2352 te
231 2310 352 2351 conservabit
366 2310 388 2350 ab
402 2310 437 2356 iis,
460 2310 492 2361 qui
511 2311 594 2350 interra
612 2311 704 2350 habitant.
733 2312 804 2352 Semen

72 2381 126 2416 tuum
146 2379 224 2418 extollet
241 2380 261 2417 in
273 2378 347 2427 justitia
369 2378 393 2418 ad
413 2390 471 2429 regna
492 2383 511 2417 et
525 2390 612 2429 magnam
631 2378 723 2429 gloriam,
748 2384 804 2418 etex

73 2446 146 2485 semine
160 2451 193 2486 tuo
207 2451 296 2486 nascetur
309 2445 424 2496 progrenies
436 2444 532 2495 justorum
547 2449 566 2484 et
581 2449 692 2486 sanctorum
706 2445 804 2485 hominum

74 2508 114 2549 sine
129 2524 209 2554 nurnero
223 2513 243 2552 in
258 2516 363 2563 aeternum.

369 2623 429 2663 GAP.
450 2622 504 2663 va.

131 2715 150 2760 l)
166 2714 211 2753 Post
226 2714 273 2752 haec
289 2713 334 2750 mihi
350 2712 433 2751 ostendit
447 2713 526 2763 angelos
541 2714 636 2763 supplicii,
653 2713 685 2761 uiri
698 2714 803 2763 praeparati

74 2783 126 2818 erant
135 2779 159 2819 ad
168 2780 283 2821 veniendum
293 2785 312 2819 et
327 2780 450 2830 aperiendum
461 2792 537 2819 omnem
547 2781 584 2819 viru
598 2791 688 2831 aquarum
698 2779 733 2818 sub
743 2783 803 2819 terra:

625 2852 650 2887 14
659 2848 671 2873 l*
