1807 3145
428 186 490 219 Enochi
502 187 549 220 liber.

426 391 486 430 CAP.
507 392 552 432 xii

179 488 202 533 t)
217 486 263 526 Post
276 486 323 527 haec
338 486 375 527 vidi
390 491 465 527 secreta
480 488 578 527 coelorum
593 492 612 526 et
625 484 732 538 paradisi,¹
747 487 852 527 secundum

124 554 165 606 ejrts
183 559 258 605 partes,
283 559 302 594 et
321 558 396 594 secreta
414 554 510 594 actionum
528 554 662 600 humanarum,
687 558 743 606 prout
762 564 795 594 eas
813 554 851 593 illic

123 625 177 664 lance
195 620 306 672 ponderant.
339 621 381 663 Vidi
402 621 528 661 habitationes
550 621 667 668 electorum,'
689 626 708 661 et
726 621 859 661 habitationes

120 680 237 739 sancitorum.
264 688 337 728 Ibidem
359 690 408 733 oculi
426 690 464 729 mei
486 695 626 741 conspexerunt
645 701 712 729 omnes
733 693 852 740 peccatores,

123 758 154 809 qiri
169 757 287 807 denegarunt
301 757 404 796 Dominum
418 757 500 807 gloriae,
509 776 511 778 ·
520 761 539 796 et
552 758 584 808 qui
598 756 642 796 inde
657 757 730 808 expulsi
744 761 793 803 sunt,
809 767 852 794 cum

123 825 174 877 [illic]
190 829 271 870 stereon
293 836 337 864 nam
351 825 424 863 nullum
437 837 512 875 poenae
528 824 625 864 decretum
644 823 735 866 adversus
750 838 785 864 eos
799 824 852 875 prins

123 892 194 932 exierat
208 904 219 930 a
232 891 315 931 Domino
330 892 435 943 spirituum.

177 960 200 1005 2)
214 959 287 998 ibidem
302 960 352 998 oculi
370 960 408 999 mei
428 963 570 1011 conspexerunt
584 965 658 999 secreta
671 947 761 999 fulminis*
771 966 790 999 et
804 960 852 999 toni-

120 1033 188 1071 truum,
203 1031 222 1065 et
231 1030 306 1065 secreta
319 1030 424 1072 uentorum,
441 1026 537 1076 quomodo
548 1026 664 1071 dividuntur„
676 1039 719 1065 cum
732 1026 779 1065 llant
793 1037 851 1075 super

120 1100 198 1139 terram,
213 1098 288 1134 secreta
301 1100 411 1141 uentorum,
426 1094 475 1134 roris
491 1098 509 1134 et
523 1094 607 1134 nubium.
632 1094 659 1135 lbi
675 1092 765 1146 conspexi
780 1093 851 1139 locum,

119 1162 170 1201 unde
184 1161 303 1211 procedunt,
322 1167 344 1200 ut
358 1162 449 1199 satientur
462 1162 540 1211 pulvere
555 1166 622 1200 terrae.

176 1229 198 1275 3)
213 1227 241 1266 lbi
255 1227 293 1268 vidi
307 1228 428 1278 receptacula
442 1229 515 1278 lignea,
531 1239 554 1267 er
569 1229 636 1279 quibus
651 1229 703 1267 uenti
718 1232 848 1279 segregentur,

119 1294 264 1346 receptaculum
276 1294 379 1344 grandinis,
394 1294 536 1345 receptaculum
545 1293 600 1338 nivis,
615 1294 756 1344 receptaculum
766 1293 851 1338 nubium,

119 1367 138 1402 et
152 1363 223 1402 nubem
237 1362 309 1413 ipsam,
330 1361 392 1413 [quael
406 1361 555 1413 portendebatur
574 1373 630 1412 supra
644 1365 714 1400 terram
732 1365 775 1400 ante
791 1362 851 1412 [crea-

118 1428 198 1479 tionem]
213 1430 284 1468 mundi.

174 1498 197 1543 4)
212 1496 254 1536 Vidi
271 1507 346 1547 quoque
360 1497 480 1547 receptacula
499 1497 565 1543 lunae,
584 1496 635 1538 unde
650 1497 718 1547 phases
732 1498 794 1547 ipsius
807 1508 851 1547 pro-

119 1565 201 1611 cedunt,
223 1569 242 1604 et
257 1577 294 1617 quo
308 1565 465 1617 progrediuntur,
481 1565 624 1618 gloriosumque
639 1577 704 1604 earum
717 1564 810 1610 reditum,
830 1568 850 1603 et

118 1632 213 1686 quomodo
229 1633 287 1672 altera
302 1632 418 1683 splendidior
433 1634 499 1678 altera,
516 1634 626 1683 clartimque
641 1645 706 1673 earum
719 1644 848 1692 progressum,

118 1715 140 1743 ac
151 1712 227 1742 eorsum
239 1701 344 1749 immotum,
360 1706 378 1741 et
388 1706 495 1754 separatum
505 1700 540 1742 sed
552 1714 591 1742 non
601 1703 704 1748 minutum,
719 1706 738 1741 et
752 1700 848 1754 quomodo

105 1757 219 1809 -observant
239 1772 323 1807 mutuam
345 1769 402 1807 tidem
420 1769 545 1818 jurejurnnto
568 1769 635 1815 firmo,
660 1781 682 1809 ac
703 1770 850 1820 progrediuntur

118 1841 161 1876 ante
176 1836 243 1881 solem,
259 1840 278 1874 et
292 1835 395 1887 adhaerent
408 1830 474 1888 passui
489 1848 530 1882 suo,
550 1835 664 1875 obedientes
678 1835 758 1886 imperio
772 1833 849 1873 Domini

118 1904 222 1953 spirituum.
251 1903 322 1941 Potens
337 1907 367 1941 est
380 1914 451 1940 nomen
467 1903 508 1951 eJ'us
523 1903 543 1940 in
557 1914 615 1940 omne
629 1914 707 1942 aeriam.-

173 1968 192 2015 5)
206 1969 252 2008 Post
261 1968 307 2007 haec
319 1968 423 2018 [conspersi
438 1967 495 2019 quod]
507 1969 574 2008 semita
583 1968 646 2014 lunae,
657 1968 768 2008 abscondita
777 1968 849 2019 pariter

119 2048 141 2074 ac
155 2034 245 2079 visibilis,
270 2039 291 2073 ut
309 2039 329 2074 et
342 2046 447 2085 progessus
469 2035 510 2085 ejus
529 2034 611 2074 interdiu
629 2047 651 2074 ac
671 2039 730 2075 noctrr
751 2034 849 2075 absolutus
889 2026 893 2031 ¹

118 2107 154 2150 est,
169 2101 214 2142 dum
229 2100 318 2154 quaelibit
327 2101 397 2153 phasis,
412 2114 449 2141 nna
464 2101 514 2140 sicut
527 2102 591 2150 altera,
607 2102 849 2154 adspiciebantDominum

119 2171 225 2221 spirituum,
237 2168 356 2208 celebrantes
365 2173 384 2208 et
393 2169 491 2209 laudantes
502 2170 543 2209 sine
553 2170 702 2216 intermissione,
713 2183 757 2210 nam
766 2170 848 2210 laudatio

117 2237 141 2274 iis
159 2235 236 2285 requies
255 2239 293 2278 est,
318 2235 353 2272 sed
371 2235 391 2272 in
412 2236 458 2285 sole
472 2235 572 2286 splendido
594 2236 683 2286 frequens
706 2238 806 2277 conversio
825 2236 849 2276 ad

117 2303 272 2355 benedictionem
287 2307 306 2342 et
320 2303 480 2343 maledictionem.

129 2418 130 2421 Ἴ
173 2371 196 2417 c)
211 2371 282 2410 Cursus
292 2371 348 2411 lunae
356 2370 413 2421 justis
423 2371 460 2417 lur,
475 2370 607 2423 peccatoribus
619 2372 680 2423 caligo
691 2376 725 2420 est,
741 2372 848 2412 innomine

118 2437 196 2484 Domini
211 2438 319 2488 spirituum,
345 2439 377 2490 qui
397 2440 469 2481 creavit
484 2438 601 2492 [discrimen]
621 2441 671 2480 inter
688 2441 753 2481 lucem
767 2452 790 2480 ac
805 2438 850 2480 eali-

118 2504 188 2555 ginem,
204 2507 223 2542 et
236 2503 333 2543 hominum
347 2506 424 2557 spiritus
435 2506 535 2558 separauit,
547 2506 682 2559 justorumque
692 2508 769 2558 spiritus
784 2517 849 2547 corro-

117 2570 191 2611 boravit
204 2571 224 2610 in
238 2569 316 2609 nomine
331 2573 452 2623 suae-ipsius
464 2573 555 2622 justitiae.

164 2727 227 2782 livor
238 2743 332 2786 aethiopica
344 2744 435 2787 significat:
448 2753 535 2788 regnum
547 2754 576 2777 sen
589 2746 711 2788 paradisum
720 2744 761 2788 κατ’
771 2746 847 2805 &goffia

118 2797 156 2831 Vid,
170 2796 250 2837 liudolphi
262 2798 341 2833 lexicon,
