<?xml version="1.0" encoding="UTF-8"?>
<!DOCTYPE html PUBLIC "-//W3C//DTD XHTML 1.0 Transitional//EN"
    "http://www.w3.org/TR/xhtml1/DTD/xhtml1-transitional.dtd">
<html xmlns="http://www.w3.org/1999/xhtml" xml:lang="en" lang="en">
 <head>
  <title>
</title>
<meta http-equiv="Content-Type" content="text/html;charset=utf-8" />
  <meta name='ocr-system' content='tesseract 3.04.00' />
  <meta name='ocr-capabilities' content='ocr_page ocr_carea ocr_par ocr_line ocrx_word'/>
</head>
<body>
  <div class='ocr_page' id='page_1' title='image "./MN41907ucmf_4_0397.png"; bbox 0 0 1807 3145; ppageno 0'>
   <div class='ocr_carea' id='block_1_1' title="bbox 41 757 551 888">
    <p class='ocr_par' dir='ltr' id='par_1_1' title="bbox 41 757 551 888">
     <span class='ocr_line' id='line_1_1' title="bbox 41 757 551 828; baseline 0.01 -17"><span class='ocrx_word' id='word_1_1' title='bbox 41 757 160 813; x_wconf 76' lang='lat' dir='ltr'><strong>Facilior</strong></span> <span class='ocrx_word' id='word_1_2' title='bbox 173 775 222 816; x_wconf 83' lang='lat' dir='ltr'><strong>uatis</strong></span> <span class='ocrx_word' id='word_1_3' title='bbox 236 775 319 822; x_wconf 86' lang='lat' dir='ltr'><strong>rabiem,</strong></span> <span class='ocrx_word' id='word_1_4' title='bbox 334 774 448 828; x_wconf 81' lang='lat' dir='ltr'><strong>Musamque</strong></span> <span class='ocrx_word' id='word_1_5' title='bbox 460 773 551 826; x_wconf 84' lang='lat' dir='ltr'><strong>jocosam</strong></span> 
     </span>
     <span class='ocr_line' id='line_1_2' title="bbox 41 829 547 888; baseline 0.006 -17"><span class='ocrx_word' id='word_1_6' title='bbox 41 829 116 871; x_wconf 83' lang='lat' dir='ltr'><strong>Merlini</strong></span> <span class='ocrx_word' id='word_1_7' title='bbox 130 836 206 871; x_wconf 90' lang='lat' dir='ltr'><strong>cantare</strong></span> <span class='ocrx_word' id='word_1_8' title='bbox 220 844 277 883; x_wconf 89' lang='lat' dir='ltr'><strong>paro:</strong></span> <span class='ocrx_word' id='word_1_9' title='bbox 291 836 311 888; x_wconf 87' lang='lat' dir='ltr'><strong>tu</strong></span> <span class='ocrx_word' id='word_1_10' title='bbox 321 832 400 884; x_wconf 85' lang='lat' dir='ltr'><strong>corrigo</strong></span> <span class='ocrx_word' id='word_1_11' title='bbox 416 835 507 880; x_wconf 83' lang='lat' dir='ltr'><strong>carmen,</strong></span> <span class='ocrx_word' id='word_1_12' title='bbox 544 837 547 841; x_wconf 88' lang='lat'>&#39;</span> 
     </span>
    </p>
   </div>
   <div class='ocr_carea' id='block_1_2' title="bbox 40 900 591 1973">
    <p class='ocr_par' dir='ltr' id='par_1_2' title="bbox 40 900 591 1292">
     <span class='ocr_line' id='line_1_3' title="bbox 42 900 591 952; baseline 0.007 -13"><span class='ocrx_word' id='word_1_13' title='bbox 42 900 105 940; x_wconf 78' lang='lat' dir='ltr'>Gloria</span> <span class='ocrx_word' id='word_1_14' title='bbox 118 901 239 952; x_wconf 84' lang='lat' dir='ltr'><strong>pontificum,</strong></span> <span class='ocrx_word' id='word_1_15' title='bbox 255 903 339 943; x_wconf 79' lang='lat' dir='ltr'><strong>calamos</strong></span> <span class='ocrx_word' id='word_1_16' title='bbox 354 902 481 951; x_wconf 80' lang='lat' dir='ltr'><strong>moderando,</strong></span> <span class='ocrx_word' id='word_1_17' title='bbox 496 902 591 944; x_wconf 82' lang='lat' dir='ltr'><strong>liobertcl</strong></span> 
     </span>
     <span class='ocr_line' id='line_1_4' title="bbox 42 967 583 1021; baseline 0.011 -15"><span class='ocrx_word' id='word_1_18' title='bbox 42 967 118 1007; x_wconf 86' lang='lat' dir='ltr'><strong>Scimus</strong></span> <span class='ocrx_word' id='word_1_19' title='bbox 133 969 189 1015; x_wconf 88' lang='lat' dir='ltr'><strong>enim,</strong></span> <span class='ocrx_word' id='word_1_20' title='bbox 205 970 281 1021; x_wconf 75' lang='lat' dir='ltr'><strong>quia‘te</strong></span> <span class='ocrx_word' id='word_1_21' title='bbox 295 970 379 1021; x_wconf 86' lang='lat' dir='ltr'><strong>perfudit</strong></span> <span class='ocrx_word' id='word_1_22' title='bbox 392 976 471 1010; x_wconf 76' lang='lat' dir='ltr'><strong>nectare</strong></span> <span class='ocrx_word' id='word_1_23' title='bbox 485 975 541 1012; x_wconf 84' lang='lat' dir='ltr'><strong>sacro</strong></span> <span class='ocrx_word' id='word_1_24' title='bbox 581 983 583 985; x_wconf 84' lang='lat'>·</span> 
     </span>
     <span class='ocr_line' id='line_1_5' title="bbox 40 1034 550 1089; baseline 0.012 -15"><span class='ocrx_word' id='word_1_25' title='bbox 40 1034 164 1087; x_wconf 83' lang='lat' dir='ltr'><strong>Philosophia</strong></span> <span class='ocrx_word' id='word_1_26' title='bbox 178 1048 223 1083; x_wconf 91' lang='lat' dir='ltr'><strong>suo,</strong></span> <span class='ocrx_word' id='word_1_27' title='bbox 237 1036 321 1089; x_wconf 85' lang='lat' dir='ltr'><strong>fecitque</strong></span> <span class='ocrx_word' id='word_1_28' title='bbox 334 1050 370 1089; x_wconf 88' lang='lat' dir='ltr'><strong>par</strong></span> <span class='ocrx_word' id='word_1_29' title='bbox 384 1038 448 1079; x_wconf 90' lang='lat' dir='ltr'><strong>omnia</strong></span> <span class='ocrx_word' id='word_1_30' title='bbox 463 1037 550 1086; x_wconf 86' lang='lat' dir='ltr'><strong>doctum,</strong></span> 
     </span>
     <span class='ocr_line' id='line_1_6' title="bbox 40 1103 585 1158; baseline 0.009 -15"><span class='ocrx_word' id='word_1_31' title='bbox 40 1103 65 1144; x_wconf 91' lang='lat' dir='ltr'><strong>Ut</strong></span> <span class='ocrx_word' id='word_1_32' title='bbox 79 1104 192 1144; x_wconf 82' lang='lat' dir='ltr'><strong>documenta</strong></span> <span class='ocrx_word' id='word_1_33' title='bbox 207 1104 269 1152; x_wconf 88' lang='lat' dir='ltr'><strong>dares,</strong></span> <span class='ocrx_word' id='word_1_34' title='bbox 284 1104 321 1145; x_wconf 80' lang='lat' dir='ltr'><strong>driu</strong></span> <span class='ocrx_word' id='word_1_35' title='bbox 333 1107 355 1146; x_wconf 69' lang='lat' dir='ltr'><strong>&#39;et</strong></span> <span class='ocrx_word' id='word_1_36' title='bbox 368 1110 482 1158; x_wconf 81' lang='lat' dir='ltr'><strong>praeceptor</strong></span> <span class='ocrx_word' id='word_1_37' title='bbox 495 1107 515 1146; x_wconf 91' lang='lat' dir='ltr'><strong>in</strong></span> <span class='ocrx_word' id='word_1_38' title='bbox 525 1107 585 1148; x_wconf 85' lang='lat' dir='ltr'><strong>orbe.</strong></span> 
     </span>
     <span class='ocr_line' id='line_1_7' title="bbox 40 1171 507 1225; baseline 0 -13"><span class='ocrx_word' id='word_1_39' title='bbox 40 1172 89 1223; x_wconf 83' lang='lat' dir='ltr'><strong>Ergo</strong></span> <span class='ocrx_word' id='word_1_40' title='bbox 104 1173 152 1214; x_wconf 88' lang='lat' dir='ltr'><strong>mais</strong></span> <span class='ocrx_word' id='word_1_41' title='bbox 167 1172 241 1224; x_wconf 86' lang='lat' dir='ltr'><strong>coeptis</strong></span> <span class='ocrx_word' id='word_1_42' title='bbox 254 1171 444 1225; x_wconf 74' lang='lat' dir='ltr'><strong>faueas,&#39;uatemque</strong></span> <span class='ocrx_word' id='word_1_43' title='bbox 458 1173 507 1214; x_wconf 90' lang='lat' dir='ltr'><strong>tueri</strong></span> 
     </span>
     <span class='ocr_line' id='line_1_8' title="bbox 40 1239 527 1292; baseline 0.004 -13"><span class='ocrx_word' id='word_1_44' title='bbox 40 1239 133 1292; x_wconf 79' lang='lat' dir='ltr'><strong>Auspicio</strong></span> <span class='ocrx_word' id='word_1_45' title='bbox 147 1240 227 1279; x_wconf 87' lang='lat' dir='ltr'><strong>meliore</strong></span> <span class='ocrx_word' id='word_1_46' title='bbox 241 1241 297 1290; x_wconf 80' lang='lat' dir='ltr'><strong>uelis,</strong></span> <span class='ocrx_word' id='word_1_47' title='bbox 313 1251 370 1290; x_wconf 87' lang='lat' dir='ltr'><strong>quam</strong></span> <span class='ocrx_word' id='word_1_48' title='bbox 383 1241 452 1281; x_wconf 79' lang='lat' dir='ltr'><strong>fecerit</strong></span> <span class='ocrx_word' id='word_1_49' title='bbox 466 1243 527 1288; x_wconf 83' lang='lat' dir='ltr'><strong>alter,</strong></span> 
     </span>
    </p>

    <p class='ocr_par' dir='ltr' id='par_1_3' title="bbox 40 1307 565 1632">
     <span class='ocr_line' id='line_1_9' title="bbox 41 1307 555 1360; baseline 0.002 -14"><span class='ocrx_word' id='word_1_50' title='bbox 41 1307 75 1347; x_wconf 79' lang='lat' dir='ltr'><strong>(lui</strong></span> <span class='ocrx_word' id='word_1_51' title='bbox 90 1307 148 1347; x_wconf 90' lang='lat' dir='ltr'><strong>modo</strong></span> <span class='ocrx_word' id='word_1_52' title='bbox 162 1307 262 1355; x_wconf 78' lang='lat' dir='ltr'><strong>succedis,</strong></span> <span class='ocrx_word' id='word_1_53' title='bbox 277 1308 347 1360; x_wconf 81' lang='lat' dir='ltr'><strong>merito</strong></span> <span class='ocrx_word' id='word_1_54' title='bbox 360 1312 461 1359; x_wconf 89' lang='lat' dir='ltr'><strong>promotus</strong></span> <span class='ocrx_word' id='word_1_55' title='bbox 475 1307 555 1348; x_wconf 88' lang='lat' dir='ltr'><strong>honori:</strong></span> 
     </span>
     <span class='ocr_line' id='line_1_10' title="bbox 41 1362 565 1428; baseline 0.002 -13"><span class='ocrx_word' id='word_1_56' title='bbox 41 1374 74 1415; x_wconf 81' lang='lat' dir='ltr'><strong>sie</strong></span> <span class='ocrx_word' id='word_1_57' title='bbox 89 1376 160 1416; x_wconf 80' lang='lat' dir='ltr'><strong>etenim</strong></span> <span class='ocrx_word' id='word_1_58' title='bbox 175 1388 250 1422; x_wconf 85' lang='lat' dir='ltr'><strong>mores,</strong></span> <span class='ocrx_word' id='word_1_59' title='bbox 265 1377 294 1414; x_wconf 87' lang='lat' dir='ltr'><strong>&#39;sic</strong></span> <span class='ocrx_word' id='word_1_60' title='bbox 309 1362 347 1416; x_wconf 84' lang='lat' dir='ltr'><strong>vita</strong></span> <span class='ocrx_word' id='word_1_61' title='bbox 360 1376 440 1426; x_wconf 86' lang='lat' dir='ltr'><strong>probata</strong></span> <span class='ocrx_word' id='word_1_62' title='bbox 455 1367 565 1428; x_wconf 84' lang='lat' dir='ltr'><strong>genusque,</strong></span> 
     </span>
     <span class='ocr_line' id='line_1_11' title="bbox 40 1434 546 1495; baseline 0 -12"><span class='ocrx_word' id='word_1_63' title='bbox 40 1443 153 1495; x_wconf 85' lang='lat' dir='ltr'><strong>Utilitasquc</strong></span> <span class='ocrx_word' id='word_1_64' title='bbox 167 1443 215 1490; x_wconf 80' lang='lat' dir='ltr'><strong>loci,</strong></span> <span class='ocrx_word' id='word_1_65' title='bbox 231 1443 295 1483; x_wconf 82' lang='lat' dir='ltr'><strong>clerus</strong></span> <span class='ocrx_word' id='word_1_66' title='bbox 308 1434 429 1495; x_wconf 84' lang='lat' dir='ltr'><strong>poputus&#39;que</strong></span> <span class='ocrx_word' id='word_1_67' title='bbox 442 1444 546 1495; x_wconf 88' lang='lat' dir='ltr'><strong>petebant;</strong></span> 
     </span>
     <span class='ocr_line' id='line_1_12' title="bbox 41 1509 525 1563; baseline 0 -13"><span class='ocrx_word' id='word_1_68' title='bbox 41 1509 96 1550; x_wconf 88' lang='lat' dir='ltr'><strong>Unde</strong></span> <span class='ocrx_word' id='word_1_69' title='bbox 110 1510 169 1550; x_wconf 82' lang='lat' dir='ltr'><strong>modo</strong></span> <span class='ocrx_word' id='word_1_70' title='bbox 183 1510 228 1551; x_wconf 79' lang='lat' dir='ltr'><strong>felix</strong></span> <span class='ocrx_word' id='word_1_71' title='bbox 242 1510 343 1550; x_wconf 90' lang='lat' dir='ltr'><strong>Lincolnia</strong></span> <span class='ocrx_word' id='word_1_72' title='bbox 357 1510 455 1563; x_wconf 81' lang='lat' dir='ltr'><strong>ferturarl</strong></span> <span class='ocrx_word' id='word_1_73' title='bbox 470 1516 525 1550; x_wconf 86' lang='lat' dir='ltr'><strong>astra.</strong></span> 
     </span>
     <span class='ocr_line' id='line_1_13' title="bbox 40 1575 529 1632; baseline -0.012 -12"><span class='ocrx_word' id='word_1_74' title='bbox 40 1579 91 1632; x_wconf 81' lang='lat' dir='ltr'><strong>Ergo</strong></span> <span class='ocrx_word' id='word_1_75' title='bbox 105 1583 125 1620; x_wconf 92' lang='lat' dir='ltr'><strong>te</strong></span> <span class='ocrx_word' id='word_1_76' title='bbox 140 1590 230 1631; x_wconf 87' lang='lat' dir='ltr'><strong>cuperem</strong></span> <span class='ocrx_word' id='word_1_77' title='bbox 244 1578 347 1630; x_wconf 78' lang='lat' dir='ltr'><strong>complecti</strong></span> <span class='ocrx_word' id='word_1_78' title='bbox 361 1577 446 1618; x_wconf 85' lang='lat' dir='ltr'><strong>carmiue</strong></span> <span class='ocrx_word' id='word_1_79' title='bbox 461 1575 529 1629; x_wconf 84' lang='lat' dir='ltr'><strong>digno:</strong></span> 
     </span>
    </p>

    <p class='ocr_par' dir='ltr' id='par_1_4' title="bbox 42 1642 588 1973">
     <span class='ocr_line' id='line_1_14' title="bbox 43 1642 575 1696; baseline -0.011 -9"><span class='ocrx_word' id='word_1_80' title='bbox 43 1647 77 1687; x_wconf 90' lang='lat' dir='ltr'><strong>Set</strong></span> <span class='ocrx_word' id='word_1_81' title='bbox 88 1644 96 1668; x_wconf 91' lang='lat'>¹</span> <span class='ocrx_word' id='word_1_82' title='bbox 109 1659 149 1686; x_wconf 92' lang='lat' dir='ltr'><strong>non</strong></span> <span class='ocrx_word' id='word_1_83' title='bbox 163 1645 250 1686; x_wconf 87' lang='lat' dir='ltr'><strong>suiiicio:</strong></span> <span class='ocrx_word' id='word_1_84' title='bbox 263 1645 310 1685; x_wconf 88' lang='lat' dir='ltr'><strong>licet</strong></span> <span class='ocrx_word' id='word_1_85' title='bbox 324 1644 412 1696; x_wconf 85' lang='lat' dir='ltr'><strong>Orpheus</strong></span> <span class='ocrx_word' id='word_1_86' title='bbox 428 1647 447 1683; x_wconf 86' lang='lat' dir='ltr'><strong>et</strong></span> <span class='ocrx_word' id='word_1_87' title='bbox 462 1642 575 1683; x_wconf 76' lang='lat' dir='ltr'><strong>Camerinus</strong></span> 
     </span>
     <span class='ocr_line' id='line_1_15' title="bbox 42 1703 563 1764; baseline -0.012 -9"><span class='ocrx_word' id='word_1_88' title='bbox 42 1716 64 1755; x_wconf 85' lang='lat' dir='ltr'><strong>Et</strong></span> <span class='ocrx_word' id='word_1_89' title='bbox 77 1715 145 1757; x_wconf 83' lang='lat' dir='ltr'><strong>Macer</strong></span> <span class='ocrx_word' id='word_1_90' title='bbox 159 1718 178 1755; x_wconf 90' lang='lat' dir='ltr'><strong>et</strong></span> <span class='ocrx_word' id='word_1_91' title='bbox 191 1703 290 1759; x_wconf 59' lang='grc' dir='ltr'><strong>Μὶὶήίιε,2</strong></span> <span class='ocrx_word' id='word_1_92' title='bbox 304 1713 406 1764; x_wconf 79' lang='lat' dir='ltr'><strong>magnique</strong></span> <span class='ocrx_word' id='word_1_93' title='bbox 420 1711 508 1751; x_wconf 82' lang='lat' dir='ltr'><strong>Rabirius</strong></span> <span class='ocrx_word' id='word_1_94' title='bbox 524 1709 563 1749; x_wconf 92' lang='lat' dir='ltr'><strong>oris</strong></span> 
     </span>
     <span class='ocr_line' id='line_1_16' title="bbox 43 1778 579 1827; baseline -0.013 -4"><span class='ocrx_word' id='word_1_95' title='bbox 43 1784 81 1823; x_wconf 88' lang='lat' dir='ltr'><strong>Ore</strong></span> <span class='ocrx_word' id='word_1_96' title='bbox 95 1795 140 1823; x_wconf 89' lang='lat' dir='ltr'><strong>meo</strong></span> <span class='ocrx_word' id='word_1_97' title='bbox 155 1785 257 1827; x_wconf 85' lang='lat' dir='ltr'><strong>canerent,</strong></span> <span class='ocrx_word' id='word_1_98' title='bbox 271 1780 333 1823; x_wconf 85' lang='lat' dir='ltr'><strong>Musis</strong></span> <span class='ocrx_word' id='word_1_99' title='bbox 348 1778 483 1820; x_wconf 78' lang='lat' dir='ltr'><strong>comitantibus</strong></span> <span class='ocrx_word' id='word_1_100' title='bbox 499 1788 579 1817; x_wconf 87' lang='lat' dir='ltr'><strong>omnes:</strong></span> 
     </span>
     <span class='ocr_line' id='line_1_17' title="bbox 43 1846 571 1901; baseline -0.017 -8"><span class='ocrx_word' id='word_1_101' title='bbox 43 1849 91 1893; x_wconf 54' lang='grc' dir='ltr'><strong>ΑΜ</strong></span> <span class='ocrx_word' id='word_1_102' title='bbox 105 1863 140 1894; x_wconf 85' lang='lat' dir='ltr'><strong>vos</strong></span> <span class='ocrx_word' id='word_1_103' title='bbox 155 1854 260 1891; x_wconf 87' lang='lat' dir='ltr'><strong>consuetae</strong></span> <span class='ocrx_word' id='word_1_104' title='bbox 274 1859 350 1901; x_wconf 86' lang='lat' dir='ltr'><strong>mecum</strong></span> <span class='ocrx_word' id='word_1_105' title='bbox 361 1851 441 1887; x_wconf 61' lang='lat' dir='ltr'><strong>‘cantare</strong></span> <span class='ocrx_word' id='word_1_106' title='bbox 456 1846 571 1893; x_wconf 60' lang='lat' dir='ltr'><strong>Camenae„</strong></span> 
     </span>
     <span class='ocr_line' id='line_1_18' title="bbox 42 1915 588 1973; baseline -0.015 -12"><span class='ocrx_word' id='word_1_107' title='bbox 42 1921 164 1973; x_wconf 82' lang='lat' dir='ltr'><strong>Propositum</strong></span> <span class='ocrx_word' id='word_1_108' title='bbox 178 1923 276 1972; x_wconf 86' lang='lat' dir='ltr'><strong>cantemus</strong></span> <span class='ocrx_word' id='word_1_109' title='bbox 291 1927 351 1968; x_wconf 87' lang='lat' dir='ltr'><strong>opus,</strong></span> <span class='ocrx_word' id='word_1_110' title='bbox 366 1915 501 1968; x_wconf 77' lang='lat' dir='ltr'><strong>cytharamquc</strong></span> <span class='ocrx_word' id='word_1_111' title='bbox 516 1918 588 1954; x_wconf 89' lang='lat' dir='ltr'><strong>sonate.</strong></span> 
     </span>
    </p>
   </div>
   <div class='ocr_carea' id='block_1_3' title="bbox 44 2049 622 2656">
    <p class='ocr_par' dir='ltr' id='par_1_5' title="bbox 44 2049 622 2516">
     <span class='ocr_line' id='line_1_19' title="bbox 98 2049 592 2108; baseline -0.02 -11"><span class='ocrx_word' id='word_1_112' title='bbox 98 2056 147 2108; x_wconf 80' lang='lat' dir='ltr'><strong>Ergo</strong></span> <span class='ocrx_word' id='word_1_113' title='bbox 162 2053 277 2107; x_wconf 83' lang='lat' dir='ltr'><strong>peragratis,</strong></span> <span class='ocrx_word' id='word_1_114' title='bbox 293 2051 329 2091; x_wconf 90' lang='lat' dir='ltr'><strong>sub</strong></span> <span class='ocrx_word' id='word_1_115' title='bbox 343 2051 408 2091; x_wconf 89' lang='lat' dir='ltr'><strong>multis</strong></span> <span class='ocrx_word' id='word_1_116' title='bbox 423 2050 513 2102; x_wconf 78' lang='lat' dir='ltr'><strong>regibus,</strong></span> <span class='ocrx_word' id='word_1_117' title='bbox 528 2049 592 2094; x_wconf 85' lang='lat' dir='ltr'><strong>annis,</strong></span> 
     </span>
     <span class='ocr_line' id='line_1_20' title="bbox 45 2118 622 2166; baseline -0.017 0"><span class='ocrx_word' id='word_1_118' title='bbox 45 2125 111 2166; x_wconf 83' lang='lat' dir='ltr'><strong>Clarus</strong></span> <span class='ocrx_word' id='word_1_119' title='bbox 126 2124 231 2165; x_wconf 86' lang='lat' dir='ltr'><strong>habebatur</strong></span> <span class='ocrx_word' id='word_1_120' title='bbox 245 2119 338 2163; x_wconf 82' lang='lat' dir='ltr'><strong>merlinus</strong></span> <span class='ocrx_word' id='word_1_121' title='bbox 352 2120 372 2159; x_wconf 92' lang='lat' dir='ltr'><strong>in</strong></span> <span class='ocrx_word' id='word_1_122' title='bbox 387 2118 434 2160; x_wconf 87' lang='lat' dir='ltr'><strong>orbe</strong></span> <span class='ocrx_word' id='word_1_123' title='bbox 449 2118 556 2159; x_wconf 82' lang='lat' dir='ltr'><strong>Britannus.</strong></span> <span class='ocrx_word' id='word_1_124' title='bbox 620 2126 622 2129; x_wconf 83' lang='lat'>·</span> 
     </span>
     <span class='ocr_line' id='line_1_21' title="bbox 44 2186 527 2246; baseline -0.025 -9"><span class='ocrx_word' id='word_1_125' title='bbox 44 2195 84 2236; x_wconf 79' lang='lat' dir='ltr'><strong>Rex</strong></span> <span class='ocrx_word' id='word_1_126' title='bbox 98 2198 138 2236; x_wconf 87' lang='lat' dir='ltr'><strong>erat</strong></span> <span class='ocrx_word' id='word_1_127' title='bbox 152 2198 172 2234; x_wconf 88' lang='lat' dir='ltr'><strong>et</strong></span> <span class='ocrx_word' id='word_1_128' title='bbox 185 2197 249 2239; x_wconf 86' lang='lat' dir='ltr'><strong>vates,</strong></span> <span class='ocrx_word' id='word_1_129' title='bbox 259 2190 425 2246; x_wconf 80' lang='lat' dir='ltr'><strong>Demetarumque</strong></span> <span class='ocrx_word' id='word_1_130' title='bbox 439 2186 527 2239; x_wconf 88' lang='lat' dir='ltr'><strong>superbis</strong></span> 
     </span>
     <span class='ocr_line' id='line_1_22' title="bbox 44 2255 575 2313; baseline -0.017 -9"><span class='ocrx_word' id='word_1_131' title='bbox 44 2264 88 2304; x_wconf 81' lang='lat' dir='ltr'><strong>lura</strong></span> <span class='ocrx_word' id='word_1_132' title='bbox 104 2264 160 2303; x_wconf 84' lang='lat' dir='ltr'><strong>dabat</strong></span> <span class='ocrx_word' id='word_1_133' title='bbox 172 2261 262 2313; x_wconf 84' lang='lat' dir='ltr'><strong>populis,</strong></span> <span class='ocrx_word' id='word_1_134' title='bbox 277 2259 398 2311; x_wconf 79' lang='lat' dir='ltr'><strong>ducibusque</strong></span> <span class='ocrx_word' id='word_1_135' title='bbox 411 2257 474 2297; x_wconf 81' lang='lat' dir='ltr'><strong>fotura</strong></span> <span class='ocrx_word' id='word_1_136' title='bbox 489 2255 575 2297; x_wconf 85' lang='lat' dir='ltr'><strong>canebat.</strong></span> 
     </span>
     <span class='ocr_line' id='line_1_23' title="bbox 46 2309 553 2382; baseline -0.018 -11"><span class='ocrx_word' id='word_1_137' title='bbox 46 2331 129 2382; x_wconf 79' lang='lat' dir='ltr'><strong>Contigit</strong></span> <span class='ocrx_word' id='word_1_138' title='bbox 142 2330 221 2374; x_wconf 85' lang='lat' dir='ltr'><strong>interea,</strong></span> <span class='ocrx_word' id='word_1_139' title='bbox 235 2328 300 2378; x_wconf 92' lang='lat' dir='ltr'><strong>plures</strong></span> <span class='ocrx_word' id='word_1_140' title='bbox 316 2332 414 2367; x_wconf 89' lang='lat' dir='ltr'><strong>certamen</strong></span> <span class='ocrx_word' id='word_1_141' title='bbox 427 2309 499 2364; x_wconf 83' lang='lat' dir='ltr'><strong>babere</strong></span> <span class='ocrx_word' id='word_1_142' title='bbox 551 2377 553 2379; x_wconf 21' lang='grc' dir='ltr'>Ι</span> 
     </span>
     <span class='ocr_line' id='line_1_24' title="bbox 45 2391 496 2449; baseline -0.027 -8"><span class='ocrx_word' id='word_1_143' title='bbox 45 2400 96 2441; x_wconf 87' lang='lat' dir='ltr'><strong>Inter</strong></span> <span class='ocrx_word' id='word_1_144' title='bbox 109 2410 131 2438; x_wconf 89' lang='lat' dir='ltr'><strong>se</strong></span> <span class='ocrx_word' id='word_1_145' title='bbox 146 2397 200 2449; x_wconf 82' lang='lat' dir='ltr'><strong>regni</strong></span> <span class='ocrx_word' id='word_1_146' title='bbox 213 2407 315 2448; x_wconf 90' lang='lat' dir='ltr'><strong>proceres,</strong></span> <span class='ocrx_word' id='word_1_147' title='bbox 330 2393 420 2444; x_wconf 84' lang='lat' dir='ltr'><strong>belloque</strong></span> <span class='ocrx_word' id='word_1_148' title='bbox 431 2391 496 2431; x_wconf 82' lang='lat' dir='ltr'><strong>ierooi</strong></span> 
     </span>
     <span class='ocr_line' id='line_1_25' title="bbox 46 2459 506 2516; baseline -0.022 -9"><span class='ocrx_word' id='word_1_149' title='bbox 46 2468 134 2507; x_wconf 89' lang='lat' dir='ltr'><strong>insontes</strong></span> <span class='ocrx_word' id='word_1_150' title='bbox 149 2464 231 2516; x_wconf 89' lang='lat' dir='ltr'><strong>populos</strong></span> <span class='ocrx_word' id='word_1_151' title='bbox 246 2460 377 2504; x_wconf 85' lang='lat' dir='ltr'><strong>devastauisse</strong></span> <span class='ocrx_word' id='word_1_152' title='bbox 391 2472 426 2512; x_wconf 91' lang='lat' dir='ltr'><strong>per</strong></span> <span class='ocrx_word' id='word_1_153' title='bbox 440 2459 506 2499; x_wconf 90' lang='lat' dir='ltr'><strong>urbes.</strong></span> 
     </span>
    </p>

    <p class='ocr_par' dir='ltr' id='par_1_6' title="bbox 46 2525 581 2656">
     <span class='ocr_line' id='line_1_26' title="bbox 46 2525 581 2583; baseline -0.024 -8"><span class='ocrx_word' id='word_1_154' title='bbox 46 2535 90 2576; x_wconf 55' lang='lat' dir='ltr'><strong>Dur*</strong></span> <span class='ocrx_word' id='word_1_155' title='bbox 101 2532 245 2577; x_wconf 79' lang='lat' dir='ltr'><strong>Veneriotorum</strong></span> <span class='ocrx_word' id='word_1_156' title='bbox 258 2528 366 2571; x_wconf 82' lang='lat' dir='ltr'><strong>Pcrodurus</strong></span> <span class='ocrx_word' id='word_1_157' title='bbox 380 2527 431 2568; x_wconf 86' lang='lat' dir='ltr'><strong>bella</strong></span> <span class='ocrx_word' id='word_1_158' title='bbox 446 2525 533 2578; x_wconf 84' lang='lat' dir='ltr'><strong>gerebat:</strong></span> <span class='ocrx_word' id='word_1_159' title='bbox 579 2581 581 2583; x_wconf 66' lang='lat'><em>,</em></span> 
     </span>
     <span class='ocr_line' id='line_1_27' title="bbox 46 2594 547 2656; baseline -0.024 -11"><span class='ocrx_word' id='word_1_160' title='bbox 46 2603 126 2656; x_wconf 84' lang='lat' dir='ltr'><strong>Jamque</strong></span> <span class='ocrx_word' id='word_1_161' title='bbox 140 2602 181 2643; x_wconf 85' lang='lat' dir='ltr'><strong>dies</strong></span> <span class='ocrx_word' id='word_1_162' title='bbox 197 2599 262 2641; x_wconf 83' lang='lat' dir='ltr'><strong>aderat</strong></span> <span class='ocrx_word' id='word_1_163' title='bbox 274 2598 327 2640; x_wconf 88' lang='lat' dir='ltr'><strong>bello</strong></span> <span class='ocrx_word' id='word_1_164' title='bbox 341 2596 432 2650; x_wconf 81' lang='lat' dir='ltr'><strong>praelixa,</strong></span> <span class='ocrx_word' id='word_1_165' title='bbox 448 2594 547 2646; x_wconf 80' lang='lat' dir='ltr'><strong>ducesque</strong></span> 
     </span>
    </p>
   </div>
   <div class='ocr_carea' id='block_1_4' title="bbox 52 2716 200 2726">
    <p class='ocr_par' dir='ltr' id='par_1_7' title="bbox 52 2716 200 2726">
     <span class='ocr_line' id='line_1_28' title="bbox 52 2716 200 2726; baseline -0.02 0"><span class='ocrx_word' id='word_1_166' title='bbox 52 2716 200 2726; x_wconf 45' lang='lat' dir='ltr'><strong>maa—*-</strong></span> 
     </span>
    </p>
   </div>
   <div class='ocr_carea' id='block_1_5' title="bbox 48 2778 781 2881">
    <p class='ocr_par' dir='ltr' id='par_1_8' title="bbox 48 2778 781 2881">
     <span class='ocr_line' id='line_1_29' title="bbox 93 2778 781 2830; baseline -0.012 -9"><span class='ocrx_word' id='word_1_167' title='bbox 93 2784 110 2830; x_wconf 84' lang='lat'><strong>1)</strong></span> <span class='ocrx_word' id='word_1_168' title='bbox 122 2787 150 2823; x_wconf 81' lang='lat' dir='ltr'><strong>sir</strong></span> <span class='ocrx_word' id='word_1_169' title='bbox 160 2796 197 2822; x_wconf 86' lang='lat' dir='ltr'><strong>mas.</strong></span> <span class='ocrx_word' id='word_1_170' title='bbox 209 2785 269 2830; x_wconf 84' lang='lat' dir='ltr'><strong>passim</strong></span> <span class='ocrx_word' id='word_1_171' title='bbox 279 2794 310 2828; x_wconf 93' lang='lat' dir='ltr'><strong>pro</strong></span> <span class='ocrx_word' id='word_1_172' title='bbox 322 2783 366 2818; x_wconf 80' lang='lat' dir='ltr'><strong>sert.</strong></span> <span class='ocrx_word' id='word_1_173' title='bbox 389 2780 410 2826; x_wconf 80' lang='lat'><strong>2)</strong></span> <span class='ocrx_word' id='word_1_174' title='bbox 422 2780 450 2819; x_wconf 77' lang='lat' dir='ltr'><strong>sie</strong></span> <span class='ocrx_word' id='word_1_175' title='bbox 461 2784 498 2817; x_wconf 80' lang='lat' dir='ltr'><strong>msa.</strong></span> <span class='ocrx_word' id='word_1_176' title='bbox 520 2778 538 2823; x_wconf 81' lang='grc'><strong>3)</strong></span> <span class='ocrx_word' id='word_1_177' title='bbox 550 2779 597 2824; x_wconf 72' lang='lat' dir='ltr'><strong>tege</strong></span> <span class='ocrx_word' id='word_1_178' title='bbox 605 2779 631 2815; x_wconf 79' lang='lat' dir='ltr'><strong>At</strong></span> <span class='ocrx_word' id='word_1_179' title='bbox 642 2788 655 2816; x_wconf 78' lang='lat' dir='ltr'><strong>a</strong></span> <span class='ocrx_word' id='word_1_180' title='bbox 663 2779 781 2824; x_wconf 73' lang='lat' dir='ltr'><strong>codicachac·</strong></span> 
     </span>
     <span class='ocr_line' id='line_1_30' title="bbox 48 2832 780 2881; baseline -0.01 -2"><span class='ocrx_word' id='word_1_181' title='bbox 48 2850 136 2881; x_wconf 81' lang='lat' dir='ltr'><strong>taceo—</strong></span> <span class='ocrx_word' id='word_1_182' title='bbox 476 2838 504 2843; x_wconf 71' lang='grc'><strong>”</strong></span> <span class='ocrx_word' id='word_1_183' title='bbox 653 2835 654 2840; x_wconf 67' lang='grc'>’</span> <span class='ocrx_word' id='word_1_184' title='bbox 692 2834 709 2850; x_wconf 62' lang='grc'><strong>’“</strong></span> <span class='ocrx_word' id='word_1_185' title='bbox 778 2832 780 2836; x_wconf 77' lang='grc'><strong>’</strong></span> 
     </span>
    </p>
   </div>
   <div class='ocr_carea' id='block_1_6' title="bbox 0 0 916 3145">
    <p class='ocr_par' dir='ltr' id='par_1_9' title="bbox 0 0 916 3145">
     <span class='ocr_line' id='line_1_31' title="bbox 0 0 916 3145; baseline 0 0"><span class='ocrx_word' id='word_1_186' title='bbox 0 0 916 3145; x_wconf 95' lang='lat' dir='ltr'><strong> </strong></span> 
     </span>
    </p>
   </div>
  </div>
 </body>
</html>
