1758 3137
261 219 306 253 Visio
318 219 396 252 mirabilis
408 219 459 254 Isaiae
471 219 569 262 prophetae.
624 239 629 242 -
759 222 795 260 59,

55 340 120 381 ebrum
135 339 222 377 sanetum
236 339 256 377 et
269 324 355 381 mirabile
370 339 414 376 erat
449 336 473 376 ut
487 335 524 374 dixi
539 335 562 375 ad
577 334 666 386 angelum
681 334 785 374 dueentem

54 417 94 447 mo:
109 405 154 457 quid
168 409 203 451 est,
219 403 270 455 quod
284 403 340 442 video
354 404 437 442 Domine
450 403 492 442 mi‘?
516 404 539 443 Et
553 404 599 443 dixit
613 403 669 448 mibi,
680 415 724 457 non
739 413 783 440 sum

55 473 88 513 tibi
101 472 206 518 Dominus,
222 471 257 512 sed
272 471 392 510 consiliator
416 471 440 511 ut
454 470 500 510 dixit
514 460 560 509 mibi
575 469 598 511 de
613 462 667 510 sexto
683 468 749 515 eaelo,
764 473 784 508 et

54 540 144 591 biexjam
164 541 243 579 thronus
263 552 301 579 non
321 543 363 584 ost,
383 551 421 578 neo
441 538 514 584 sinistri
528 538 601 589 angeli,
620 537 655 577 sed
677 537 700 576 de
715 537 785 576 uirtute

55 609 131 661 septimi
151 609 200 648 eoeli
219 608 359 647 ordinationem
378 606 459 653 habent,
478 606 511 645 ubi
525 610 556 646 est
570 606 623 647 dives
638 606 687 645 filius
702 605 751 651 Deip
768 610 787 644 et

56 688 123 716 omnes
139 677 188 715 coeli
203 680 222 715 et
235 676 298 727 angeli
313 676 355 725 ejus
372 674 451 714 andiunt
465 687 519 720 eum,
536 679 555 714 et
569 687 605 726 ego
620 676 691 715 missus
704 685 748 714 sum
758 685 787 712 as-

56 756 131 785 sumere
146 747 164 783 te
179 744 227 790 hue,
248 748 270 783 ut
283 743 348 783 uideas
363 743 443 794 gloriam
456 743 525 787 istam,
544 746 564 781 et
578 743 682 781 Dominum
700 741 787 780 omniurn

56 814 155 851 coelorum
165 817 185 851 et
195 812 274 864 angelos
289 812 331 861 eJ'us
346 816 366 851 et
375 812 460 851 uirtutes.
480 810 529 850 Dico
540 813 604 861 autem
614 810 647 849 tibi
656 810 713 849 lsaiel
728 821 786 848 nemo

55 882 75 920 in
90 893 147 921 earne
161 879 212 920 illius
227 879 293 919 mundi
308 878 375 921 uolens
391 879 487 923 converti,
502 877 560 924 vidit,
577 890 625 930 qnae
639 882 660 917 tu
674 878 738 923 uides,
754 889 788 915 ne-

51 960 93 999 quo
106 945 255 997 viderepotest,
272 960 329 998 quem
342 951 363 986 tu
377 947 447 991 uidisti,
462 947 506 986 ideo
523 947 612 998 quoniam
622 945 657 985 tibi
667 946 726 985 estin
735 949 788 985 sorte

56 1014 132 1055 Domini
139 1015 254 1055 venirebuo.
268 1014 292 1055 Et
299 1027 335 1066 ego
342 1013 503 1066 magnideauirne,
512 1018 590 1053 cantans
597 1009 688 1057 Domino,
698 1012 789 1062 quoniam

56 1083 76 1120 in
95 1086 147 1121 sorte
168 1081 209 1131 ejus
229 1082 312 1122 ambulo.
338 1082 362 1122 Et
376 1081 422 1122 dixit
441 1083 498 1121 mibi:
518 1083 608 1134 quoniam
622 1092 711 1120 reversus
725 1078 786 1118 fueris

57 1160 92 1200 per
105 1149 307 1199 voluntatem'patris‚
322 1154 368 1188 tune
382 1154 456 1189 vestem
470 1153 522 1188 tuam
536 1150 630 1200 recipies,
653 1152 732 1187 ettune
746 1147 785 1186 eris

60 1216 144 1266 aequalis
160 1216 243 1266 angelis,
266 1218 298 1266 qui
312 1223 358 1256 sunt
370 1218 391 1255 in
406 1221 459 1257 sexto
475 1217 536 1256 coelo.
565 1217 589 1256 Et
602 1215 708 1265 assumpsit
721 1226 753 1253 me
766 1214 787 1252 in
805 1261 806 1265 Ἰ

57 1286 132 1329 sextum
146 1270 238 1328 eoelum}
254 1287 274 1321 et
287 1283 368 1322 thronus
379 1270 421 1333 jam
434 1294 474 1321 non
489 1277 593 1328 armillis,
613 1294 650 1320 nee
670 1282 731 1320 dextri
751 1293 788 1318 nec

21 1383 24 1389 .
57 1348 131 1388 sinistri
144 1348 215 1401 angeli,
231 1348 267 1388 sed
280 1348 376 1388 habebant
390 1362 458 1389 omnes
472 1361 530 1388 unam
545 1350 641 1400 speeiem,
657 1352 676 1388 et
691 1348 788 1387 oantieum

57 1415 147 1467 aequale,
163 1419 183 1455 et
197 1416 262 1456 datum
276 1421 306 1457 est
319 1418 376 1463 mibi,
393 1422 415 1456 ut
428 1429 464 1468 ego
477 1413 570 1455 'canerem
585 1427 629 1453 eum
643 1416 682 1460 eis,
698 1420 718 1454 et
732 1426 789 1465 ange-

57 1483 97 1528 lus,
117 1483 149 1534 qui
164 1488 204 1523 erat
217 1496 306 1531 meorum,
325 1489 345 1525 et
359 1497 395 1537 ego
408 1485 479 1523 luimus
494 1484 553 1529 tales,
575 1484 627 1522 sicut
641 1483 701 1534 gloria
716 1494 789 1528 eormn,

58 1555 78 1589 et
95 1550 155 1601 gloria
174 1555 242 1590 eorum
263 1557 303 1592 erat
322 1564 370 1598 una,
392 1557 410 1592 et
430 1551 563 1603 glorificabant
580 1553 656 1591 Patrem
671 1550 756 1591 omnium
771 1555 791 1588 et

58 1619 154 1659 Dilectum
168 1619 237 1659 Filium
251 1619 292 1669 ejus
308 1624 327 1660 et
342 1620 433 1660 Sanetum
444 1619 545 1670 Spiritum,
561 1631 629 1659 omnes
644 1632 682 1659 uno
698 1632 732 1659 ore
747 1630 793 1658 ean-

59 1688 132 1733 tabant⁷
148 1688 235 1726 sednon
250 1688 281 1726 tali
296 1699 354 1733 vore,
370 1688 421 1738 quali
434 1688 454 1726 in
470 1688 535 1739 quinto
551 1688 618 1734 ooelo,
638 1687 674 1728 sed
689 1688 724 1727 alia
739 1699 788 1727 voce

60 1757 79 1791 et
96 1753 161 1792 lumen
181 1765 270 1805 magnum
288 1760 329 1794 erat
347 1755 380 1794 ibi.
402 1756 426 1794 Et
446 1756 522 1806 quando
544 1768 596 1794 eram
615 1757 635 1794 in
650 1761 704 1794 sexto
727 1756 790 1800 coelo,

60 1822 192 1861 existimabam
205 1822 280 1868 lumen,
304 1823 411 1874 quoderat
429 1823 449 1862 in
470 1822 536 1875 quinio
552 1822 622 1868 eoelo,‘
637 1823 727 1864 tenebras
742 1834 793 1862 esse

61 1888 141 1930 Garisus
160 1902 203 1929 sum
221 1881 286 1937 ualde,
309 1894 329 1929 et
343 1891 417 1931 eantaui
431 1890 510 1931 donanti
524 1892 561 1931 tale
576 1891 665 1943 gairdinm
684 1891 794 1941 resipienti-

60 1944 96 1996 bus
115 1952 283 1997 misericordiam¹
303 1957 356 2006 epis,
379 1963 399 1997 et
417 1960 481 2009 rogaui
498 1959 587 2016 angelum
601 1959 695 1998 instruere
710 1970 752 2003 me,
773 1961 795 1995 ut

61 2021 129 2060 exinde
143 2022 182 2061 non
197 2027 303 2062 reverterer
321 2023 345 2061 ad
358 2024 451 2061 mundum
464 2025 519 2062 illum
534 2026 636 2063 earnalem,
664 2026 713 2063 Dino
729 2030 795 2064 autem

61 2089 125 2136 vobis,
146 2089 198 2141 quod
216 2089 286 2128 multae
306 2089 397 2128 tenebrae
411 2093 456 2129 sunt
469 2090 506 2129 hic.
535 2091 620 2143 ,tegerus
635 2103 681 2132 vero
695 2092 794 2132 instruens

61 2168 101 2203 me,
124 2156 170 2196 dixit
184 2156 238 2195 mihi:
258 2155 310 2207 quod
324 2168 345 2195 es
361 2158 437 2208 gavisus
453 2158 476 2197 de
490 2159 528 2197 isto
543 2159 626 2206 lumine,
647 2146 794 2211 quantomagis
841 2149 842 2153 ¹

62 2224 153 2276 gaudebis
168 2228 188 2264 et
202 2224 304 2269 exultabis,
328 2225 417 2275 quoniam
431 2225 505 2265 uidebis
520 2226 585 2265 lumen
601 2227 677 2279 septimi
693 2227 753 2273 eoeli,
775 2228 795 2266 in

62 2304 100 2343 quo
115 2291 171 2331 sedet
185 2291 276 2332 eoelestis
290 2296 354 2342 pater,
370 2297 390 2331 et
400 2293 510 2344 unigenitus
525 2293 575 2334 filius
586 2294 635 2344 ejus,
650 2295 683 2334 ubi
693 2295 794 2339 exereitus

63 2363 82 2398 et
96 2360 165 2406 throni,
186 2364 206 2398 et
220 2371 304 2398 coronae
316 2358 383 2408 jacen
394 2360 462 2410 jusus,
478 2367 498 2400 et
518 2362 541 2401 de
555 2363 589 2402 illo
604 2367 623 2402 te
637 2375 677 2402 non
691 2363 760 2402 reverti
775 2364 795 2402 in

63 2438 141 2465 earnem
159 2431 220 2470 tuam,
242 2438 281 2463 non
300 2431 331 2464 est
350 2432 425 2477 tempus
442 2429 538 2478 expletum
551 2429 641 2469 veniendi
655 2430 698 2469 huo.
726 2430 752 2471 Et
766 2443 798 2470 arr„

64 2491 120 2533 diens
135 2493 183 2533 haee
198 2493 283 2533 tristatus
299 2504 341 2534 sum
355 2495 420 2541 valde,
439 2501 459 2536 et
476 2496 580 2548 assumpsit
598 2497 663 2536 mein
678 2497 743 2536 aerem
757 2508 800 2546 sep-

66 2561 107 2600 timi
127 2561 188 2607 eoeli,
208 2566 228 2602 et
246 2560 308 2602 erudivi
326 2574 394 2603 vocem
409 2562 505 2604 dieentem
525 2565 581 2605 mihi:
604 2563 717 2617 usquequo
732 2564 799 2604 volens

110 2738 128 2780 1)
149 2738 199 2773 Liber
218 2744 287 2775 venetus
302 2741 352 2776 babet
369 2744 499 2779 abbreviatorem
521 2746 595 2789 ,‚nriam,“
612 2757 658 2791 quam
675 2757 705 2790 per
721 2748 797 2780 (onmem.

64 2794 91 2827 vel
102 2794 231 2828 adsericordinnr
242 2797 347 2839 interpretari
358 2798 402 2832 lieet.
415 2799 459 2833 Edit.
469 2832 476 2848 Α,
