1807 3145
131 214 171 253 ‘266
436 207 499 241 Enoohi
510 207 557 241 liber,

132 335 228 375 egenere
247 324 295 363 lucis
317 327 336 362 et
350 323 427 363 mutabo
442 310 489 370 eos,
511 315 543 375 qui
561 325 580 363 in
599 322 683 362 tenebris
702 324 808 369 natitent,
832 328 861 376 qni

130 393 150 430 in
165 402 221 430 carne
237 402 271 430 sna
285 401 324 430 non
338 394 453 440 acceperunt
468 390 559 441 gloriam,
589 379 645 441 quarn
659 390 757 430 merebant
771 390 808 429 fide
823 402 874 434 sna,

173 460 209 507 bd)
224 457 264 510 Ego
283 457 386 509 perducam
405 458 424 497 in
444 457 562 509 splendidam
582 458 645 498 lucem
660 468 707 503 eos,
730 458 761 509 qul
776 462 862 498 sanclnrn

131 538 196 567 ineunt
215 539 285 566 nornen
306 532 379 574 ornant,
402 524 425 576 etv
441 527 530 581 singulos
551 526 651 567 collocabo
666 526 685 564 in
700 526 770 565 throno
785 526 862 576 gloriae,

132 600 151 634 et
165 593 295 634 exaltabuntur
309 607 343 645 per
357 598 452 644 tempora,
478 605 526 646 qnae
546 594 587 634 sine
607 592 655 639 fine;
673 592 747 643 jrrstrnn
767 593 818 633 enirn
834 600 864 634 est

132 661 168 699 Dei
181 659 284 710 judicium:
350 672 352 677 ’

126 737 128 739 ’
173 731 209 777 at)
224 727 271 767 Nam
285 725 373 766 fidelibus
388 726 445 767 fidern
466 727 561 768 exhibebit
579 729 598 767 in
619 725 738 767 rectitudinis
756 724 860 765 domicilio¹

131 798 154 836 Et
168 796 258 836 ridebunt
273 807 320 841 eos,
346 796 378 846 qui
395 796 514 835 intenebris
532 796 570 836 nati
585 801 634 841 suni,
653 797 673 833 in
692 793 781 834 tenebras
796 792 859 843 dejici,

133 863 177 901 dnrn
189 863 237 912 J'usti
252 863 387 902 exaltabuntur.
415 863 531 902 Peccatores
540 862 690 903 exclamabunt.
713 860 799 900 videntes
813 873 847 899 eos

132 931 167 980 ipsi
175 935 238 970 autern
246 928 286 980 [pii]
298 930 316 969 in
328 929 430 981 splendore
441 931 504 971 vivent
514 934 535 970 et
545 930 665 982 experientur
673 928 699 976 id,
710 928 762 979 quod
772 929 863 979 scriptun

83 1014 87 1026 ¹
133 1002 162 1038 est
176 997 200 1039 de
214 998 248 1043 iis,
265 997 327 1049 quoad
342 997 383 1038 dies
399 1003 418 1039 et
432 1001 523 1050 tempora.

187 1232 267 1283 Explicit
281 1232 328 1272 visio
340 1232 413 1272 Enoohi
427 1233 536 1282 prophetae.
557 1229 670 1271 Benedictio
684 1242 763 1282 precum
778 1235 797 1270 ct
811 1244 863 1283 prac-

133 1296 238 1338 destinatae
253 1298 320 1337 aetatis
335 1298 393 1348 gratia
408 1310 451 1338 cnnr
466 1298 542 1338 dilectis
558 1297 599 1347 ejns
615 1298 650 1337 sit!
678 1298 746 1337 Arnen.
