1807 3145
337 189 362 225 lle
373 193 425 225 niorto
436 189 492 225 ttcsis.
740 190 781 230 abi

50 324 82 356 ac,
103 308 148 348 dum
162 311 243 359 uterque
262 307 311 348 socii
326 308 396 350 cervici
409 309 524 349 incumbens
538 308 606 356 flebat,
628 308 687 356 scito,
709 304 782 346 addidit

49 377 125 423 moses,
143 376 231 417 artatur
247 388 305 415 onera
319 376 442 416 incumbere:
462 377 554 428 populum
568 377 630 423 hunc,
653 388 709 428 quem
723 367 779 415 solus

49 449 111 492 feres,
136 458 173 497 ego
188 451 252 487 antem
265 446 330 485 Aaron
339 449 363 485 et
375 444 434 486 Maria
448 446 479 487 uin
492 446 576 492 tulimus,
591 456 658 487 verum
672 444 732 487 aderit
746 442 780 484 tihi

9 519 11 524 '
51 516 123 556 Deus.v
138 513 229 555 Secundo
243 519 325 570 matrem
339 525 401 553 meam
415 514 449 553 tibi
464 514 567 555 curandam
584 514 682 553 committo
697 513 781 555 alllictis-

49 584 128 629 simam,
144 588 164 622 et
178 594 226 635 qnae
241 581 316 621 mutatis
331 584 440 633 temporum
453 583 527 623 uicibus
542 595 578 623 uos
594 583 691 634 sepelivit,
707 584 739 633 qui
753 582 781 621 illi

48 653 99 706 justa
113 650 188 698 reddat,
210 654 300 705 superest
314 661 383 695 nemo,
399 662 443 689 cum
458 649 500 701 ejus
515 651 562 691 hora
577 654 655 698 uenerit,
670 655 690 691 tu
704 656 781 693 vestem

49 727 99 763 tuam
119 720 243 761 lacerareet
263 719 355 759 feretrum
376 719 492 770 praeoedere
512 725 620 767 memento,
643 719 707 760 donec
727 717 780 758 humi

48 788 161 835 mandetur,
181 794 201 830 tu
220 789 271 828 illius
292 788 355 839 igitur>
369 799 433 828 euram
452 790 554 841 suscipies.
585 787 661 834 Tertio,
682 791 780 828 memento

47 854 129 898 tiliorum
143 867 235 902 meorum,
246 867 295 907 qnos
310 857 386 909 qnando
401 858 445 896 loco
460 869 504 897 meo
520 870 564 897 esse
579 860 682 908 nequeunt,
698 855 777 906 dignare

47 928 120 967 honore
139 937 218 965 mensae
234 930 291 971 tuae,
310 928 334 964 et
352 915 463 964 communis
480 925 574 966 amicitiae
588 929 666 965 nostrae
680 935 781 964 memora

47 1002 65 1038 te
80 993 172 1036 recedere
186 1005 225 1033 non
238 993 323 1045 patieris.
356 992 446 1033 Pollicito
460 994 531 1034 iosuae
551 1005 573 1033 ac
593 992 671 1033 demum
689 992 780 1033 universo

46 1064 112 1104 israeli
126 1074 195 1113 pacem
210 1062 310 1111 exoptavit
329 1061 393 1108 Nunc,
409 1062 444 1108 ait,
458 1062 497 1101 illis
511 1061 635 1108 benedicam,
651 1072 700 1113 quos
715 1060 780 1101 admo-

46 1130 150 1172 nitionibus
165 1134 195 1169 et·
212 1121 377 1181 objurgationibus
395 1128 505 1185 molestius¹
515 1129 595 1180 fatigavi.
623 1129 780 1179 Erorsusigitnr

46 1199 198 1245 benedictiones,
221 1197 303 1237 labentis
318 1197 378 1237 horae
400 1209 439 1237 non
459 1197 544 1244 inscius,
566 1201 606 1237 tum
625 1196 703 1237 demum
723 1197 780 1236 unica

47 1281 114 1314 ornnes
133 1267 244 1317 complexus
263 1270 299 1305 est.
327 1267 367 1318 ugo
386 1279 431 1313 uos,
447 1258 524 1318 inquit,
545 1267 610 1307 multis
624 1265 687 1313 modis
701 1266 721 1305 in
735 1267 779 1318 lege

45 1334 123 1382 vexari,
150 1345 206 1386 qnam
234 1331 281 1373 mibi
304 1322 346 1373 rem
377 1333 487 1374 condonare
512 1346 593 1385 acquum
618 1339 653 1373 est.
694 1335 720 1373 At
741 1334 778 1373 illi:

45 1414 103 1455 parce
123 1402 180 1442 nobis
201 1405 327 1452 praeceptor,
352 1401 383 1452 qui
408 1402 484 1452 saepius
505 1407 525 1440 te
549 1402 573 1441 ad
595 1402 646 1443 iram
667 1403 778 1452 provocavi-

46 1482 96 1510 mus.
125 1469 220 1509 Sic-data
240 1473 259 1507 et
278 1470 432 1520 acceptaveris
454 1468 478 1509 de
498 1471 553 1511 coelo
573 1482 610 1512 vox
631 1470 714 1512 mediam
727 1468 780 1511 Masi
800 1515 802 1517 ,

48 1550 152 1588 superesse
171 1538 238 1576 horam
258 1536 350 1578 clamarit.
390 1535 453 1577 Unum
467 1549 485 1578 ·a
505 1537 560 1578 vobis
579 1538 670 1590 postulo,
697 1537 781 1589 subjecit

46 1604 124 1650 Moses,
146 1602 229 1654 ingressi
248 1605 328 1648 terram,
350 1602 388 1642 mei
413 1603 525 1654 ossiumque
548 1615 636 1643 meorum
654 1603 778 1644 mementote.

46 1673 85 1714 tae
105 1671 145 1712 tillo
164 1672 242 1712 itmram
261 1670 331 1718 dicite,
352 1671 384 1722 qui
403 1675 446 1712 ante
465 1683 502 1711 nos
521 1671 565 1724 eqni
584 1671 608 1711 ad
621 1671 681 1711 instar
695 1682 776 1711 currens

47 1742 103 1787 obiit,
125 1728 205 1793 ejusque
227 1751 272 1779 ossa
291 1739 311 1779 in
330 1739 406 1781 deserto
423 1741 539 1781 ceciderunt.
562 1740 634 1781 rFlebat
647 1740 705 1780 lsrai‘l
718 1739 777 1779 forari

47 1810 118 1855 anxius.
147 1809 259 1849 Atltdoses:
273 1808 314 1853 filii,
329 1813 384 1848 antea
393 1811 445 1849 Dens
453 1810 561 1850 ¹vobiscum
574 1810 614 1856 fuit,
630 1810 666 1850 crit
675 1813 695 1849 et
703 1812 777 1860 postea,

47 1888 71 1915 ne
86 1875 160 1919 credite
175 1878 312 1927 omnisonae
327 1877 429 1928 Deus-per
442 1889 473 1918 me
487 1878 578 1918 miracula
591 1878 654 1923 tecit,
663 1887 706 1915 mea
720 1885 779 1914 causa

46 1944 99 1993 facta,
114 1950 193 1998 propter
207 1958 242 1988 vos
256 1945 288 1986 illa
303 1945 367 1994 edidit,
382 1947 494 1987 misericors
509 1950 548 1987 est:
562 1946 591 1986 ut
605 1957 682 1998 super
697 1943 778 1983 omnia

47 2024 124 2064 opera
142 2015 324 2055 misericordia
344 2017 409 2066 ejus,
430 2016 459 2055 illi
479 2016 496 2055 si
515 2014 638 2061 confideritis,
659 2012 777 2071 voluntatem

46 2087 129 2122 vestram
142 2082 234 2134 implebit.
250 2083 318 2123 ¹Tunc
333 2084 470 2125 clamaverunt:
489 2084 557 2124 Deus
577 2095 634 2134 spes
651 2085 740 2122 nostra
754 2083 778 2118 et

46 2150 169 2189 auxilium
186 2150 212 2189 in
232 2149 429 2190 afflictionibus.
458 2152 534 2191 Interea
547 2152 607 2191 horae
622 2151 716 2202 qrradrans
731 2149 778 2188 labi-

45 2222 81 2266 mr,
104 2217 205 2270 auditaque
225 2229 273 2260 vor:
300 2219 367 2277 Mose,
390 2219 435 2272 quid
449 2223 468 2260 te
482 2231 550 2266 vexas,
569 2222 658 2271 superest
670 2217 704 2258 tibi
718 2217 778 2257 horae

46 2286 158 2337 qrradraus.¹
173 2287 362 2343 benedixit'lsra'esli,
377 2288 513 2341 dispositisque
528 2293 583 2329 antea
598 2289 685 2329 omuibus
699 2289 720 2327 in
735 2288 777 2338 Spi-

46 2354 82 2393 ritu
102 2358 169 2393 sancto
187 2355 262 2395 futurae
281 2357 330 2396 ritae
349 2357 584 2408 beatitudiucmagnovit
598 2368 620 2396 ae
636 2357 693 2405 dixit:
714 2357 776 2405 Quis

46 2423 110 2461 sicut
123 2426 148 2461 tu
161 2422 254 2481 lsrail‘?
283 2423 415 2475 Omnibusque
435 2435 478 2463 cum
498 2423 544 2464 fletu
562 2424 626 2464 valere
638 2423 708 2475 jussis:
728 2426 777 2479 ligo
803 2456 817 2471 ,,,

45 2503 99 2537 vos,
121 2491 156 2536 ait,
179 2489 273 2532 videbo
294 2491 320 2530 in
342 2491 541 2532 resurrectione
563 2497 737 2541 mortuorum,
752 2496 777 2535 in
807 2541 809 2545 ¹

45 2560 131 2600 futuro
146 2559 257 2619 saeculo.
285 2560 313 2600 Ita
327 2558 396 2601 flentes
412 2572 434 2600 ae
450 2552 534 2601 clamore
549 2562 612 2602 omnia
632 2554 728 2614 replentes
747 2574 777 2603 re-

45 2618 183 2682 tricitfips‘e
202 2627 264 2667 scissa
283 2629 358 2676 tunica,
379 2629 450 2670 evulsis
468 2629 539 2671 barbae
558 2632 614 2684 pilis,
635 2632 700 2673 cinere
720 2636 777 2684 caput

46 2707 139 2748 sparsus,
149 2696 244 2749 pallioque
259 2695 347 2737 obtectus
361 2697 469 2750 lugentium·
480 2699 527 2745 ritu,
547 2702 651 2740 tentorium
664 2701 774 2753 ingreditur,

45 2759 113 2806 manns
128 2764 253 2818 complodens
269 2770 289 2806 et
302 2767 422 2807 exclamans:
436 2768 476 2810 Vae
490 2768 543 2814 mibi,
559 2780 688 2821 superquam
703 2769 775 2809 clamor

46 2835 103 2886 venit,
118 2847 153 2877 vac
173 2834 266 2888 pedibus,
282 2833 350 2887 quibus
364 2839 435 2878 terram
448 2836 563 2889 promissam
575 2838 650 2878 calcare
660 2833 703 2877 vnon
714 2835 774 2884 datur,
