1807 3145
97 182 138 221 ‘260
400 173 463 206 Enocti
475 171 522 207 liber.

155 293 173 338 5)
188 291 227 330 Vos
249 296 322 333 autem,
347 296 470 339 peccatores,
498 296 586 329 aeternae
609 290 723 328 execrationi
750 289 824 326 obnoxii

101 360 158 405 eritis,
174 369 217 397 nee<
227 357 279 397 vobis
293 368 328 407 pax
340 356 430 408 obtinget.

156 425 175 474 (i)
190 424 218 464 Ne
233 424 325 469 timeatis,
350 436 385 463 vos
405 424 478 464 animae
495 424 602 476 justorum,
628 423 663 462 sed
676 421 769 474 patienter
784 434 826 461 cum

101 506 134 546 spe
150 494 201 534 diem
215 493 281 539 mortis
295 493 402 532 vestraein
414 493 488 542 justitia
502 498 615 545 exspectate.
639 492 667 531 Ne
682 491 768 534 doleatis,
784 490 826 540 quia

100 564 173 602 annriae
188 565 263 602 vestrae
282 561 301 599 iri
316 573 383 611 magna
404 561 527 601 amaritudine
548 560 668 600 descendunt
686 570 730 598 cum
750 557 826 608 gemitu,

99 627 234 668 lamentatione
249 630 269 665 et
283 626 411 666 sollicitudine
426 626 449 665 ad
464 628 531 666 mortis
546 627 649 672 domitium,
665 630 685 665 et
699 625 742 676 quia
756 624 776 662 in
790 624 827 663 vita

100 700 162 738 vestra
184 704 254 746 eorpus
273 698 357 735 vestrum
380 695 485 746 praemium
504 707 542 736 non
567 695 640 747 aceepit
658 693 737 735 bonitati
754 697 827 734 vestrae

100 761 263 808 consentaneum,
287 762 322 801 sed
340 767 427 813 ternpore
441 764 497 803 vitae.
511 769 585 804 vestrae
604 768 717 814 peccatores
730 760 827 814 uirebaut3

101 835 186 882 tempore
201 831 327 869 execrationis
342 834 362 869 et
376 831 469 880 supplicii.

153 896 174 945 7)
188 897 211 936 Et
226 896 269 947 quia
284 908 328 934 eum
342 897 456 942 moriemini,
471 902 583 947 peccatores
599 897 622 936 de
637 897 691 936 uobis
703 895 765 946 ajunt:
779 894 828 932 lusti

99 965 213 1011 moriuntur,
234 964 283 1003 sicut
296 976 337 1003 nos.
368 963 431 1012 Quem
445 965 527 1004 fructum
541 965 612 1005 habent
630 977 653 1004 ex
668 964 758 1016 operibus
773 961 827 1001 suis‘l

99 1033 150 1071 Eece
164 1045 203 1071 non
217 1031 271 1069 aliter
286 1037 307 1070 ac
322 1044 369 1077 nos,
392 1033 413 1069 in
433 1033 561 1071 sollieitudine
576 1038 595 1072 et
614 1033 694 1084 caligine
716 1030 827 1069 moriuntur.

101 1099 143 1145 Qua
160 1101 181 1137 in
200 1110 221 1137 re
238 1099 327 1148 potiones
346 1099 401 1137 nobis
422 1100 481 1138 sunt‘?
509 1100 581 1138 Exinde
601 1111 657 1150 pares
677 1110 748 1138 sumus.
778 1096 828 1142 Quid

100 1167 212 1207 obtinebunt
232 1170 251 1205 et
270 1166 316 1217 quid
335 1166 440 1207 videbunt?
468 1167 516 1207 Nam
536 1180 583 1208 ecee
602 1167 673 1207 mortui
687 1170 741 1210 sunt,
766 1175 829 1215 neque

99 1246 183 1285 unquam
197 1236 260 1273 iucem
274 1235 363 1274 revisent.
388 1235 428 1273 Sed
442 1247 478 1285 ego
494 1235 537 1274 dico
552 1236 612 1281 vobis,
628 1238 753 1286 peccatores:
768 1232 829 1271 satiati

100 1301 146 1340 estis
162 1313 218 1341 earne
233 1304 253 1339 et
266 1304 317 1351 polu,
332 1300 413 1341 humana
423 1301 493 1352 praeda
504 1306 523 1341 et
537 1302 607 1353 rapina,
622 1306 708 1353 peccato,
724 1299 829 1340 divitiarum

100 1369 235 1418 acquisitione,
262 1372 281 1406 et
299 1368 393 1406 bonorum
415 1368 488 1407 dierum
507 1369 554 1409 visu¹
582 1369 650 1408 Nonne
666 1368 729 1417 justos
748 1366 828 1410 vidistis,

100 1447 180 1486 querum
195 1433 238 1472 finis
253 1434 273 1473 ixr
287 1447 335 1486 pace
350 1435 396 1474 est?
423 1436 473 1475 nulla
493 1437 543 1475 enim
564 1436 664 1488 oppressio
683 1436 702 1473 in
717 1434 740 1472 iis
754 1433 830 1473 inventa

100 1507 130 1542 est
145 1503 244 1554 adipsum
262 1514 323 1552 usque
341 1504 408 1543 mertis
423 1503 479 1543 diem.
507 1505 631 1550 interierunt,
656 1517 677 1542 ao
697 1506 753 1547 sunt7
776 1500 830 1551 quasi

101 1582 141 1610 non
155 1570 241 1616 luissent,
258 1573 277 1609 et
292 1569 365 1611 animae
381 1582 447 1611 eorum
460 1571 480 1611 in
494 1571 636 1623 perturbatione
651 1571 674 1612 ad
689 1569 755 1611 nortis
770 1568 830 1609 domi·

100 1637 164 1676 cilium
179 1635 325 1676 descenderunt.

400 1741 463 1797 eir.
486 1742 530 1781 cui.

157 1840 174 1886 1)
189 1840 230 1878 lain
244 1851 289 1879 xero
309 1839 354 1889 juro
369 1840 432 1887 vobis,
445 1841 502 1891 justi,
517 1854 550 1893 per
561 1843 709 1895 magnitudinem
724 1841 831 1894 splendoris

101 1912 120 1945 et
134 1906 206 1957 gloriae
221 1904 269 1954 ejus,
284 1907 404 1956 perillustre
419 1908 461 1957 ejus
474 1920 554 1960 regnum
569 1915 588 1949 et
599 1922 633 1961 per
647 1909 688 1959 ejus
706 1908 830 1959 majestatem,
882 1907 883 1910 ’

100 1974 155 2013 vobis
167 1974 217 2024 jure,
232 1985 263 2012 me
278 1975 315 2012 hoc
330 1976 442 2026 mysterium
456 1978 540 2023 nexisse,
556 1989 586 2016 me
601 1978 672 2029 legisse
687 1977 737 2016 coeli
751 1976 830 2020 tabulas,

102 2040 174 2080 vidisse
189 2040 302 2092 scripturam
318 2047 432 2089 sanctorum,
448 2048 468 2083 et
482 2043 587 2092 detexisse,
604 2059 652 2098 quae
667 2045 690 2086 de
705 2044 760 2085 vobis
774 2045 793 2084 in
809 2057 831 2085 ea

103 2110 172 2159 scripta
187 2114 207 2147 et
221 2113 284 2147 notata
299 2110 341 2148 sint.

147 2174 177 2222 '‘t)
194 2172 249 2224 [Vidi]
261 2175 312 2225 quod
327 2188 383 2215 omne
397 2176 478 2222 bennun,
495 2177 589 2228 gaudium,
606 2183 624 2218 ei
638 2179 698 2229 gloria
710 2178 764 2218 vobis
779 2191 832 2230 prae-

102 2247 165 2293 parata
180 2245 232 2287 sunt,
252 2247 270 2281 et
285 2241 380 2293 descripta
394 2255 428 2293 pro
444 2256 511 2283 eorum
526 2245 633 2295 spiritibus,
649 2246 681 2297 qui
695 2245 715 2284 in
727 2244 799 2295 Justitia
815 2254 834 2286 et

102 2311 160 2350 multa
174 2309 260 2350 laenitate
274 2310 385 2350 moriuntur.
413 2311 472 2351 Vobis
488 2311 574 2351 vicissim
588 2313 678 2353 reddetur
692 2313 765 2353 fruetus
780 2314 833 2352 dolo·

103 2389 145 2419 rum
164 2381 284 2424 vestrorum,
314 2382 431 2419 et'vestrae
453 2378 565 2428 [felicitatis]
589 2382 651 2431 portio
676 2382 733 2433 longe
754 2382 834 2422 excedet

103 2444 206 2483 virentium
219 2445 332 2492 portionem,

160 2511 179 2560 3)
195 2509 276 2561 Spiritus
296 2516 391 2559 vestrum,
416 2512 447 2563 qui
466 2511 575 2562 injustitia
593 2516 710 2562 moriemini,
734 2517 796 2558 virent
815 2524 834 2559 et

105 2579 218 2630 gaudebunt
240 2577 321 2629 Spiritus
337 2591 403 2618 eorum
418 2580 533 2627 exultabunt,
548 2586 567 2621 et
581 2585 672 2625 memoria
687 2595 754 2623 eorum
769 2596 833 2624 coram

105 2646 153 2684 faeie
167 2647 256 2685 Potentis
276 2647 312 2684 erit
327 2647 349 2684 ab
365 2659 411 2686 aeuo
425 2649 445 2685 in
460 2661 532 2688 aevum.
561 2650 626 2700 Neque
645 2652 690 2690 inde
709 2651 833 2701 ignominiam

105 2713 203 2751 timebunt.

162 2779 181 2829 4)
197 2779 236 2821 Vae
247 2778 301 2819 vobis
316 2785 435 2830 peccatores,
452 2792 494 2838 etim
508 2782 527 2821 in
542 2784 625 2833 peccatis
637 2785 705 2825 vestris
720 2786 833 2832 moriemini,
