1807 3145
112 169 152 209 338
395 167 420 202 Dc
431 171 484 201 morte
496 167 550 203 llosis.
587 162 589 164 ’

110 291 188 330 delicias
206 296 288 337 pronum
306 288 340 324 est.
367 284 416 324 Nam
435 285 561 336 cogitationes
581 296 649 324 sensus
670 289 839 336 onnespraoter-

111 349 198 410 grassae,
213 352 288 403 Deique
302 352 321 390 iu
335 350 399 390 medio
414 351 442 390 sui
457 351 566 402 participes,
582 351 689 390 clarissimo
710 356 755 389 tunc
771 351 842 391 lumine
858 396 859 402 ¹

109 427 210 471 laetentur,
226 423 275 462 sicut
290 421 388 461 scribitur:
405 421 430 460 lu
444 421 511 460 luce
522 421 609 461 vultus
624 420 698 472 regis
713 421 793 466 vitae,
815 421 842 459 sic

52 494 55 500 ‘
109 485 216 543 intelliges,
236 503 287 529 non
303 489 478 530 manducavit.
508 488 566 536 Quod
579 501 625 529 vcro
641 490 736 540 sequitur:
758 501 842 541 neque

110 557 291 613 prudentibus
307 556 432 604 divitiae,
456 555 479 597 de
490 555 546 598 llllose
562 556 618 598 etiam
633 555 705 597 dictum
719 562 769 608 puta,
785 568 843 608 quem

111 627 188 667 divitem
202 625 273 663 factum
288 634 311 662 ex
321 623 431 661 *tabularum
446 623 505 662 scobe
519 617 685 673 prodideruntut
698 628 750 674 patet
765 636 788 664 ex
797 625 842 664 illo:

110 696 225 737 Exciudc
242 694 295 733 tibi.
325 691 512 742 Scilicetqotdqnio
527 692 622 738 excludes,
637 692 675 732 hoc
690 692 713 732 ad
727 697 746 733 tc
761 694 843 745 pertines

109 766 142 804 bit,
177 766 228 803 Nec
248 760 396 801 scientibus
416 760 509 810 gratia,
528 760 597 798 iterum
616 759 639 799 de
658 760 726 805 Mose,
745 761 779 799 cui
798 761 844 801 dixit

109 832 174 872 Deus:
188 830 312 872 Invenisti
327 829 433 880 gratiam
446 828 470 866 in
487 827 569 867 oculis
584 828 653 867 meis.
682 827 761 868 Ultima:
776 828 843 869 Tem-

109 911 155 950 pus
171 903 194 937 et
208 895 329 936 accidens
345 893 475 939 omnibus,
504 905 540 933 vox
554 898 658 944 tempus
678 893 756 934 Domini
771 895 843 935 dictum

113 968 137 1008 ad
150 968 219 1009 Mosen
234 965 315 1004 indicat:
334 963 449 1004 Advenit
466 966 571 1013 tempus
590 966 613 1001 et
631 962 706 1009 hora,
726 964 843 1014 quatibi
888 958 890 960 ’

108 1033 268 1074 moriendum
284 1036 324 1071 est.
353 1029 451 1070 Notandus
466 1033 496 1069 est
509 1029 588 1069 illustris
603 1028 672 1069 locus:
691 1030 795 1071 Effudit
817 1031 842 1071 in

110 1103 197 1153 portis
212 1111 294 1144 mare,
310 1110 365 1135 cum
380 1098 464 1136 exivit
478 1096 507 1135 cle
521 1097 646 1142 metrice,
661 1110 783 1147 egressus
799 1103 842 1143 est,

112 1166 243 1218 etposuit
257 1164 351 1204 nubem
365 1163 551 1204 vestimentum
565 1173 642 1207 suum,
659 1167 683 1202 et
698 1163 842 1215 caliginem

111 1236 225 1287 pallium
249 1245 334 1278 suum,
364 1232 513 1283 percutiam
536 1242 614 1283 super
638 1243 691 1271 eum
715 1236 843 1272 statutum

51 1292 52 1295 ¹
112 1315 203 1349 meum,
228 1305 254 1340 et
276 1312 367 1352 ponam
392 1303 495 1342 vectem
516 1304 541 1339 et
559 1299 661 1349 januas.
689 1300 842 1341 Deindezlluc

110 1382 196 1420 usque
220 1370 324 1414 venies,
349 1380 396 1407 nec
421 1367 501 1407 addes
519 1368 595 1413 ultra,
615 1369 664 1406 huc
685 1368 842 1418 confringes

110 1438 246 1477 tumentes
260 1414 363 1485 fluct‘frs
378 1439 444 1475 tuos.
460 1434 534 1474 Sensus
546 1435 625 1486 simplex
635 1435 652 1474 is
660 1440 695 1482 est,
710 1440 842 1495 ῃηῃὸηῃοηη
901 1484 902 1487 ¹

108 1508 161 1547 Deus
187 1506 254 1558 posuit
277 1517 353 1545 arenam
376 1504 470 1544 terminos
485 1505 549 1550 maris,
571 1522 631 1556 ῃῃηῃ
654 1520 713 1558 pm
742 1503 839 1556 egreditur

109 1588 132 1617 ex
152 1576 232 1628 abysso,
253 1574 274 1613 in
294 1585 330 1625 qua
349 1577 388 1618 est,
417 1573 467 1612 sicut
487 1584 536 1624 puer
550 1584 573 1612 ex
586 1577 642 1613 utero
656 1573 729 1613 matris.
757 1572 841 1614 Verbum

108 1649 172 1683 eutem
186 1658 222 1702 *ln*
237 1641 332 1692 significat
346 1641 436 1679 claudere
451 1652 461 1679 a
475 1641 550 1686 radice,
565 1656 607 1702 *UO
621 1642 702 1691 operire,
716 1645 789 1692 tegere.
817 1643 842 1679 At

108 1727 169 1763 nm
184 1725 254 1763 effi,
274 1714 295 1748 ut
309 1709 345 1748 alio
360 1709 414 1747 loco:
435 1723 516 1775 pppgg
531 1723 591 1762 egem
611 1720 666 1747 cum
680 1709 735 1748 exit
751 1709 841 1748 eloco

110 1792 167 1826 sno,
193 1783 270 1830 etp-pp
292 1776 577 1817 extraherlordanem
602 1777 631 1816 ed
654 1790 681 1817 os
704 1788 775 1817 suum
795 1791 841 1837 7055

107 1861 131 1900 ge
145 1851 226 1900 gamm
248 1845 347 1884 clausit
371 1845 395 1883 in
419 1845 506 1895 portis
521 1856 606 1890 mare,
627 1855 649 1883 ac
670 1845 687 1884 si
708 1844 790 1885 diceret:
804 1850 841 1885 ter-

108 1917 181 1955 minum
196 1914 232 1954 sibi
245 1913 372 1952 'coustitutum
391 1911 430 1952 non
447 1912 505 1952 modo
524 1926 564 1952 non
584 1913 746 1964 transgredietur,
767 1913 802 1953 sed
815 1927 840 1953 ne

109 1982 187 2037 quidem
202 1993 224 2021 ex
239 1979 308 2031 abysso
324 1978 421 2027 ascendet,
441 1980 527 2031 quamvis
542 1980 579 2018 hoc
593 1981 704 2020 naturaliter
717 1979 798 2020 inditum
812 1981 840 2020 illi

61 2054 62 2057 ’
108 2052 143 2096 sit,
164 2056 185 2089 ut
199 2052 274 2088 crescat
286 2053 396 2100 terramque
411 2048 489 2100 operiat.
518 2048 560 2087 Hoc
575 2053 639 2088 tamen
653 2062 706 2088 mere
721 2061 765 2087 eum
780 2049 840 2088 onmi-

107 2119 144 2159 lms
158 2119 221 2165 undis,
236 2116 366 2169 fluctibusque
381 2118 421 2157 suis
435 2117 473 2157 nisi
488 2129 511 2156 ex
525 2117 621 2157 voluntate
635 2110 717 2160 Domine
732 2131 771 2158 non
784 2130 839 2169 prae-
883 2136 885 2138 ·

109 2186 172 2225 stabit.
187 2189 249 2236 ppffi
263 2199 294 2249 pp
308 2198 373 2235 emp:
386 2185 480 2223 Posuit
497 2185 587 2224 nubem
606 2189 711 2225 restem.
741 2172 840 2224 Oceanum

107 2265 121 2296 a,
131 2251 202 2291 finibus
216 2255 279 2290 terrae
298 2250 321 2290 ad
336 2251 402 2290 coelos
416 2263 479 2302 usque
494 2255 602 2296 extensum,
625 2250 687 2290 nubes
702 2251 774 2291 circum
788 2252 840 2291 cohi-

107 2320 154 2361 bent
168 2323 273 2372 teguntque
288 2319 347 2359 vestis
363 2318 386 2358 ad
400 2319 464 2358 instar.
485 2323 563 2372 pesam-p
577 2319 746 2360 involucrum
759 2321 838 2373 explica,

107 2389 162 2428 utin
183 2388 228 2427 illo:
253 2387 328 2428 Sicut
348 2387 514 2430 involvendo
537 2400 588 2428 non
611 2388 734 2430 involuta
753 2389 838 2430 fuisti.

107 2460 152 2508 »μὴν
166 2469 214 2519 epp-1
229 2469 296 2506 *eme
326 2468 348 2495 ac
363 2457 379 2495 si
394 2456 485 2502 dixisset,
500 2456 605 2506 percutiam
619 2456 687 2496 foedus
702 2468 777 2503 meum,
800 2468 837 2508 quo

105 2522 162 2574 posui
176 2532 254 2562 arenam
272 2522 364 2563 terminos
379 2524 443 2565 maris.
462 2538 543 2576 gennep,
563 2539 639 2575 nnana,
658 2539 711 2577 naa:
725 2539 773 2591 *plu
791 2529 839 2566 sta·

105 2595 199 2636 tutum,
215 2588 366 2648 decretum,
381 2598 495 2642 pactum,
510 2590 606 2630 foedus
620 2592 673 2632 idem
687 2597 765 2631 notant
784 2593 838 2633 Chal-

107 2657 167 2711 daeus
181 2658 345 2709 ffipgexplicat
359 2672 424 2722 papae
438 2659 485 2699 olii
499 2659 553 2698 feci
568 2674 633 2713 mppr,
649 2672 697 2712 quae
711 2659 763 2699 illum
778 2661 838 2712 impe-

46 2744 48 2746 ·
107 2725 212 2770 dranceos
230 2725 360 2775 praetergredi
378 2726 452 2776 possit;
466 2726 558 2776 Lsicutin
572 2726 605 2764 illo
620 2727 676 2765 loco:
699 2726 728 2765 Et
750 2738 838 2778 persc-

107 2793 179 2844 quuti
194 2795 254 2831 sunt
268 2803 313 2830 eos
328 2797 388 2833 onte
402 2789 604 2846 portamusque
619 2794 646 2834 ad
660 2807 721 2847 epm.
737 2794 837 2847 Significat
