1807 3145
335 203 375 246 lita
387 201 458 244 Medici»

33 320 134 362 Tractabat
148 325 234 362 sanctum
245 319 303 371 justo
312 319 444 361 moderamine
459 317 542 358 claruma

32 389 78 428 lure
91 387 133 440 regi
147 385 245 441 populos¹
260 396 346 427 summos
360 387 482 438 humilesque
496 386 576 425 sinebat.

32 457 103 507 Largus
118 460 168 505 erat,
183 469 227 497 nam
241 457 301 497 multa
316 457 381 503 dabat,
395 456 425 497 vix
440 454 485 506 quid
498 453 602 494 retinebatr
656 477 658 479 -
702 505 704 507 q

33 523 127 564 Omnibus
142 526 204 565 onmis
219 530 269 571 erat,
284 525 363 565 faciens·
373 523 507 575 quodcumque
523 521 609 563 decebat.
679 564 680 567 ,

32 590 77 631 rios
92 592 188 648 equitum,
203 601 308 644 regumque
323 592 392 636 decor,
406 592 499 641 regnique
514 591 602 639 calamna

33 656 85 709 (lleu
99 657 166 708 mihil)
181 659 213 711 qui
227 659 301 705 fueras,
316 659 398 710 inopinis
413 657 509 699 vermibus
524 669 568 698 esca

32 726 87 765 Naana
101 725 155 767 datus
170 740 204 773 es,
220 737 328 779 corpusque
342 732 395 767 tuum
409 727 502 778 putrescit
512 728 535 766 in
550 730 607 767 urna!

33 790 107 833 Sicne²
122 794 184 835 cubile
198 795 232 836 tibi
247 800 292 847 post
306 796 368 835 serica
383 795 449 846 pulcra
463 794 553 846 paratur?

33 860 111 901 Siccine
125 861 161 903 sub
175 863 251 914 gelido,
267 874 312 903 caro
328 862 419 910 carmide,
434 863 487 915 regia
501 862 587 902 menbra

33 927 143 969 Condantur
157 942 213 976 saro,
227 943 264 970 nec
280 931 318 971 eris
331 931 369 970 nisi
382 931 447 981 pulvis>
459 935 479 970 et
493 930 554 978 ossa?

33 996 65 1035 Sic
81 997 179 1049 equidem:
193 1012 237 1039 nam
252 1009 295 1039 sors
309 999 407 1038 hominum
421 997 530 1038 miseranda
544 1010 579 1049 per
593 1011 660 1043 aerum
677 1016 678 1019 ¹
744 1024 746 1027 -

32 1064 121 1113 Ducitur,
136 1070 157 1106 ut
170 1071 266 1119 nequeant
279 1067 303 1107 ad
316 1067 396 1119 pristina
408 1066 452 1116 jura
465 1066 538 1106 reduci.
607 1082 609 1084 ·
645 1083 647 1085 ·
690 1085 692 1087 v

31 1131 82 1184 Ergo
97 1134 144 1172 nibil
157 1135 237 1185 prodest
249 1136 347 1186 pereuntis
363 1135 423 1184 gloria
437 1135 512 1179 mundi,

34 1197 87 1247 Quae
101 1200 149 1252 sugit
162 1205 218 1254 atque
233 1201 293 1245 redit,
308 1201 354 1240 fallit
368 1201 464 1251 laeditque
479 1206 579 1251 potentes,

32 1267 91 1309 Melle
105 1280 140 1309 suo
155 1268 222 1310 delinit
237 1281 294 1321 apes,
311 1268 363 1321 qrrorl
376 1269 479 1320 postmodo
493 1270 570 1322 pungit3

33 1336 67 1374 Sic
81 1348 130 1387 quos
145 1337 235 1377 demulsit
250 1338 345 1378 divertens
360 1339 420 1388 gloria
434 1337 511 1384 tumidi,

32 1403 99 1450 Fallit,
115 1409 135 1443 et
147 1403 233 1456 ingratae
248 1403 322 1442 collidit
335 1402 416 1443 verbere
430 1404 508 1444 caudae.

32 1470 63 1510 ru
75 1470 145 1517 breve,
161 1470 213 1523 quod
227 1475 320 1522 praestat,
337 1471 389 1522 quod
402 1471 459 1512 habet
474 1472 559 1512 durabile
573 1484 613 1513 non
628 1479 667 1515 est:

32 1537 88 1579 More
103 1537 180 1579 tluentis
195 1550 255 1591 aquae
270 1539 339 1580 transit
353 1539 488 1591 quodcumque
502 1541 601 1581 ministrat

33 1605 85 1653 Quid
98 1618 143 1646 rosa
158 1607 174 1646 si
188 1608 261 1653 rutilet,
277 1608 294 1646 si
309 1601 388 1647 carrdida
402 1608 441 1646 lilia
455 1613 543 1654 venrant,

34 1673 55 1713 st
69 1674 94 1714 sit
107 1674 188 1727 pulcher
202 1675 271 1720 horno,
286 1674 317 1714 vel
332 1686 404 1726 equus,
418 1675 449 1715 uel
464 1679 539 1720 caetera
552 1676 621 1727 plara?

33 1742 71 1783 lsta
86 1742 177 1790 Creatori,
191 1749 230 1783 non
244 1742 316 1782 mundo
331 1748 375 1783 sunt
388 1742 493 1783 referenda.

34 1809 109 1850 Felices
123 1809 191 1861 igitur,
207 1810 239 1861 qui
253 1814 338 1861 perstant
352 1809 410 1851 corde
425 1811 488 1860 piato,

35 1876 193 1928 Obsequiumque
207 1876 249 1916 Deo
263 1876 346 1922 11111111,-
361 1877 491 1927 mundumque
505 1877 624 1929 relinquunt:

33 1943 73 1983 lllis
86 1948 179 1994 perpetuo
193 1943 246 1994 iungi
261 1942 356 1983 conoedet
369 1943 455 1989 honore,

35 2010 74 2058 Qui
89 2011 131 2051 sine
144 2010 182 2051 line
196 2011 255 2062 regit,
271 2010 369 2057 caristus,
384 2011 416 2063 qui
431 2016 499 2051 cuneta
514 2010 606 2053 creavitss
618 2008 627 2014 ”

33 2077 74 2117 Vos
88 2078 145 2128 igitur
159 2089 262 2127 proceres,
277 2090 312 2116 vos
327 2078 404 2116 moenia
419 2079 481 2124 celsa,
497 2079 596 2129 laresque5

33 2142 74 2183 llos
88 2143 127 2183 nati
142 2130 368 2194 dulces‚,mundanaque
383 2149 450 2184 cuncta
464 2144 563 2196 relinquo;
613 2158 614 2161 ¹

33 2211 57 2251 Et
71 2212 186 2252 cumfratre
201 2220 245 2251 meo
260 2210 318 2252 silvas
332 2210 434 2259 habitabo,
449 2212 550 2264 Deumque

34 2281 92 2323 baara
106 2285 170 2322 mente
186 2280 259 2327 colamr
274 2280 324 2333 nigri
339 2292 382 2321 cum
396 2281 480 2333 tegmine
494 2281 564 2332 pepli.“

90 2414 143 2453 Haec
158 2415 194 2458 ait,
210 2419 265 2465 atque
280 2425 316 2451 suc
330 2415 423 2464 persolvit
435 2415 485 2463 iusta
499 2415 577 2453 maritor

36 2480 159 2535 signavitque
173 2492 226 2521 suam
241 2482 331 2525 cumtali
345 2482 429 2521 carmine
439 2481 538 2521 tumbam:

35 2548 180 2590 Rodarcbus
194 2549 291 2600 largus,
307 2560 352 2601 quo
367 2549 462 2600 largior
476 2549 540 2589 alter
553 2549 578 2589 in
593 2551 652 2592 orba

36 2618 87 2664 Nou
102 2622 165 2665 erat,
180 2617 222 2658 hic
236 2616 451 2670 maricamagnns
465 2618 614 2670 requiescit
627 2620 652 2660 in
667 2629 735 2663 urna.

38 2765 39 2775 ¹
51 2786 54 2791 >
71 2768 278 2823 ⁵1)*que1:populo.
300 2772 320 2816 2)
336 2768 407 2810 Scine
420 2774 437 2808 in
449 2773 513 2808 codice.
527 2773 557 2818 v3)
568 2775 633 2813 Desunt
643 2778 715 2816 inflat.
727 2787 763 2812 onr-

36 2842 67 2867 naa
78 2833 97 2867 bi
107 2843 165 2868 versus
175 2836 213 2877 post
223 2841 241 2868 v.
253 2829 292 2867 692.
354 2862 356 2867 ,
600 2845 602 2848 ·

583 2890 632 2934 115*
677 2892 707 2896 ”
