1807 3145
360 193 424 227 Enechi
435 192 483 227 iiber.
548 167 552 175 i
746 202 785 237 203

362 309 425 349 GAP.
447 309 484 352 LV.

114 381 131 427 l)
146 381 193 420 Post
206 382 254 429 haec
274 382 367 431 conspexi
386 378 465 420 alterum
480 382 583 421 exereitum
598 394 697 426 curruum,
720 389 740 422 et
753 383 787 421 ho-

58 448 152 492 minesin
165 447 188 487 iis
203 452 275 488 vectos.
549 455 552 457 ’
609 502 612 505 ¹

112 516 132 564 2)
146 516 169 556 Et
177 521 233 557 vento
242 517 291 557 vecti
298 520 391 557 venerunt
399 515 421 556 ab
431 517 510 573 oriente,
519 516 542 556 ab
551 516 652 557 occidente
660 522 679 557 et
685 528 695 557 a
702 518 787 558 meridie.

113 582 132 631 3)
148 583 211 624 Sonus
226 580 316 636 strepitus
332 595 421 623 curruum
436 573 551 623 audiebatur.

113 650 132 697 4)
146 651 170 690 Et
182 650 216 690 ubi
230 651 278 690 haec
293 651 369 701 agitatio
384 651 432 689 iacta
447 655 487 696 est,
512 651 573 690 saneti
588 663 599 691 e
614 652 669 691 coelo
685 663 727 691 eam
742 663 788 691 eorr-

60 720 174 770 speuerunt:
199 721 261 756 terrae
279 717 369 755 columna
389 727 399 755 a
417 715 539 770 fundamento
559 724 687 767 conquassata
704 723 743 763 est,
770 722 789 756 et

60 784 148 835 strepitus
162 785 262 834 personuit
277 797 287 824 a
300 783 371 833 finibus
385 788 447 824 terrae
461 794 522 835 nsque
538 783 623 824 adimes
638 785 699 830 coeli,
720 785 790 825 eodem

60 857 151 903 tempore.

114 918 134 965 5)
149 911 197 958 Tum
206 930 273 957 omnes
281 919 429 968 procubuerunt,
440 925 459 958 et
465 920 569 957 Dominum
576 919 676 969 spirituum
683 918 790 957 adorarunt.

113 985 133 1033 tt)
148 985 184 1030 Hit
199 990 229 1024 est
241 984 285 1024 finis
301 985 397 1024 secundae
411 985 518 1036 parabolae.
554 1036 556 1039 .

286 1087 346 1127 GAP.
365 1086 410 1127 LVI.
440 1087 495 1136 [seut.
509 1083 565 1135 IX.]l

117 1166 134 1213 l)
149 1165 198 1206 Tum
213 1167 269 1220 coepi
283 1164 341 1205 edere
352 1165 428 1204 tertiam
441 1165 557 1215 parabolam,
580 1165 604 1203 de
615 1165 673 1214 justis
685 1171 705 1205 et
717 1167 791 1206 electis.

116 1234 135 1282 2)
149 1232 248 1280 Benedicti
264 1237 337 1278 estote,
358 1232 408 1273 Justi
423 1235 442 1271 et
456 1232 523 1277 electi,
548 1244 591 1272 nam
605 1233 689 1285 gloriosa
704 1238 792 1290 estsere

61 1305 129 1342 vestra.

116 1366 136 1414 3)
151 1366 201 1406 Justi
210 1365 313 1410 manebunt
321 1365 342 1407 in
351 1363 422 1408 lumine
433 1365 487 1411 selis,
497 1370 516 1404 et
526 1366 583 1404 eiecti
591 1367 612 1404 in
621 1367 693 1405 lumine
704 1371 793 1405 aeternae

62 1433 116 1478 vitae,
132 1443 213 1483 quorum
226 1433 276 1471 vitae
288 1432 329 1469 dies
344 1443 441 1480 nunquam
455 1432 556 1476 desinent;
569 1444 632 1482 neque
644 1433 793 1472 numerabuntur

63 1501 173 1537 sanctornm
188 1498 238 1543 dies,
260 1498 292 1549 qui
305 1497 369 1536 lumen
385 1500 476 1546 quaerunt
491 1501 510 1540 et
521 1496 614 1546 justitiam
630 1499 716 1539 obtinent
730 1510 741 1539 a
755 1500 793 1539 Do·
847 1504 854 1512 ‘

63 1566 114 1605 mino
129 1566 233 1617 spirituum.

118 1632 138 1682 ti)
152 1633 191 1673 Pax
205 1632 230 1673 sit
244 1632 314 1672 sanctis
329 1644 340 1672 a
353 1632 435 1671 Domino
450 1631 521 1671 mnndi.
540 1637 542 1639 '

118 1701 137 1749 5)
152 1699 226 1741 Abhinc
238 1700 286 1749 Justi
300 1699 387 1738 dicentur
400 1701 420 1737 in
435 1700 490 1738 coelo
505 1703 579 1738 secreta
594 1699 678 1749 justitiae
693 1712 791 1751 quaerere,

64 1759 170 1818 portionem
184 1766 239 1806 fidei:
260 1778 303 1805 nam
318 1769 449 1812 surrexerunt,
464 1769 485 1804 nt
501 1766 531 1804 sol
544 1766 564 1804 in
579 1770 640 1812 terra,
665 1772 685 1806 et
702 1767 794 1808 tenebrae

63 1823 209 1887 praeterierunt.
232 1834 260 1875 lbi
274 1835 338 1873 lumen
353 1834 389 1872 erit
403 1834 444 1872 sine
459 1833 506 1879 tine,
521 1846 584 1885 neque
596 1836 701 1881 numeratio
715 1835 794 1880 dierum,

64 1889 108 1943 nam
123 1904 185 1953 caligo
200 1907 255 1941 antea
270 1901 389 1952 depelletur,
411 1904 430 1939 et
443 1901 508 1940 lumen
522 1902 621 1952 augebitur
636 1914 701 1941 coram
712 1904 794 1950 Domino

64 1970 168 2020 spirituum,
184 1982 248 2010 coram
261 1970 344 2009 Domino
358 1970 423 2008 lumen
437 1968 556 2009 rectitudinis
567 1970 586 2010 iu
601 1975 699 2011 aeternum
713 1974 793 2032 crescet.

362 2058 422 2098 GAP.
444 2058 498 2100 Lvu,

118 2140 142 2190 t)
156 2139 200 2184 Istis
216 2138 282 2185 diebus
297 2137 350 2176 oculi
368 2138 406 2177 mei
425 2142 566 2191 conspexerunt
580 2144 654 2180 secreta
668 2140 763 2191 fulgurum
778 2144 796 2179 et

66 2205 170 2252 radiorum,
189 2211 207 2246 et
218 2206 312 2257 judicium
327 2217 399 2247 eorum.
607 2258 609 2260 Ι

121 2278 142 2323 2)
157 2275 231 2323 Lucent
245 2280 265 2315 et
279 2274 303 2315 ad
313 2273 469 2319 benedictionem
483 2278 502 2313 et
516 2274 540 2313 ad
551 2274 712 2320 maledictionem,
728 2286 796 2314 secun-

67 2339 111 2380 dum
124 2344 240 2383 uoluntatem
254 2343 331 2382 Domini
345 2343 450 2392 spirituum.

121 2412 143 2458 3)
159 2409 232 2451 ibidem
249 2408 288 2450 ridi
305 2413 379 2448 secreta
399 2408 513 2454 tonitruum,
541 2419 584 2448 cum
602 2412 656 2449 tonat
675 2408 758 2463 desuper
778 2409 797 2448 in

67 2476 134 2523 eoelo,
155 2482 174 2518 et
187 2490 247 2522 sonus
262 2475 341 2517 auditur.

121 2546 143 2593 4)
158 2543 229 2585 Terrae
248 2556 324 2597 quoque
342 2543 467 2584 habitationes
486 2542 532 2583 mihi
547 2547 636 2586 ostensae
648 2550 704 2586 >sunt
733 2544 797 2584 Sonus
815 2545 816 2548 ’

66 2613 171 2654 tonitrunm
185 2619 206 2654 ut
219 2613 244 2654 ad
257 2625 324 2666 pacem
336 2616 355 2654 et
368 2611 529 2660 benedictionem,
543 2613 569 2655 ita
579 2617 598 2656 et
608 2614 631 2656 ad
643 2612 797 2664 maledictionem

66 2682 106 2725 est,
126 2680 232 2729 seeundum
247 2669 318 2727 dietum
332 2680 408 2732 Domini
423 2680 527 2733 spirituum,

69 2754 214 2766 *v——m-

112 2808 129 2851 i)
142 2797 192 2843 Paris.
206 2810 233 2848 bis.
