<?xml version="1.0" encoding="UTF-8"?>
<!DOCTYPE html PUBLIC "-//W3C//DTD XHTML 1.0 Transitional//EN"
    "http://www.w3.org/TR/xhtml1/DTD/xhtml1-transitional.dtd">
<html xmlns="http://www.w3.org/1999/xhtml" xml:lang="en" lang="en">
 <head>
  <title>
</title>
<meta http-equiv="Content-Type" content="text/html;charset=utf-8" />
  <meta name='ocr-system' content='tesseract 3.04.00' />
  <meta name='ocr-capabilities' content='ocr_page ocr_carea ocr_par ocr_line ocrx_word'/>
</head>
<body>
  <div class='ocr_page' id='page_1' title='image "./MN41907ucmf_4_0343.png"; bbox 0 0 1807 3145; ppageno 0'>
   <div class='ocr_carea' id='block_1_1' title="bbox 362 208 778 247">
    <p class='ocr_par' dir='ltr' id='par_1_1' title="bbox 362 208 778 247">
     <span class='ocr_line' id='line_1_1' title="bbox 362 208 778 247; baseline 0.007 -5"><span class='ocrx_word' id='word_1_1' title='bbox 362 209 401 242; x_wconf 83' lang='lat' dir='ltr'>Vita</span> <span class='ocrx_word' id='word_1_2' title='bbox 412 208 468 243; x_wconf 84' lang='grc'>1110010.</span> <span class='ocrx_word' id='word_1_3' title='bbox 691 212 692 216; x_wconf 76' lang='grc'>’</span> <span class='ocrx_word' id='word_1_4' title='bbox 738 211 778 247; x_wconf 81' lang='lat'>311</span> 
     </span>
    </p>
   </div>
   <div class='ocr_carea' id='block_1_2' title="bbox 43 322 842 2911">
    <p class='ocr_par' dir='ltr' id='par_1_2' title="bbox 43 322 842 2911">
     <span class='ocr_line' id='line_1_2' title="bbox 48 322 780 381; baseline -0.011 -12"><span class='ocrx_word' id='word_1_5' title='bbox 48 335 67 373; x_wconf 78' lang='lat' dir='ltr'>et</span> <span class='ocrx_word' id='word_1_6' title='bbox 80 326 165 379; x_wconf 81' lang='lat' dir='ltr'>triginta,</span> <span class='ocrx_word' id='word_1_7' title='bbox 181 327 239 368; x_wconf 82' lang='lat' dir='ltr'>ultera</span> <span class='ocrx_word' id='word_1_8' title='bbox 254 326 284 367; x_wconf 91' lang='lat' dir='ltr'>die</span> <span class='ocrx_word' id='word_1_9' title='bbox 299 330 351 366; x_wconf 92' lang='lat' dir='ltr'>trans</span> <span class='ocrx_word' id='word_1_10' title='bbox 365 326 436 367; x_wconf 88' lang='lat' dir='ltr'>llumen</span> <span class='ocrx_word' id='word_1_11' title='bbox 450 329 560 379; x_wconf 87' lang='lat' dir='ltr'>pugnatum,</span> <span class='ocrx_word' id='word_1_12' title='bbox 577 324 689 381; x_wconf 76' lang='lat' dir='ltr'>equitesque</span> <span class='ocrx_word' id='word_1_13' title='bbox 703 322 780 375; x_wconf 90' lang='lat' dir='ltr'>triginta</span> 
     </span>
     <span class='ocr_line' id='line_1_3' title="bbox 47 389 778 453; baseline -0.011 -15"><span class='ocrx_word' id='word_1_14' title='bbox 47 396 106 440; x_wconf 85' lang='grc'>101010</span> <span class='ocrx_word' id='word_1_15' title='bbox 130 395 198 447; x_wconf 85' lang='lat' dir='ltr'>sepulti</span> <span class='ocrx_word' id='word_1_16' title='bbox 218 397 321 447; x_wconf 91' lang='lat' dir='ltr'>perierunt.</span> <span class='ocrx_word' id='word_1_17' title='bbox 349 395 390 435; x_wconf 82' lang='grc'>11011</span> <span class='ocrx_word' id='word_1_18' title='bbox 407 396 469 447; x_wconf 87' lang='lat' dir='ltr'>parari</span> <span class='ocrx_word' id='word_1_19' title='bbox 489 393 513 435; x_wconf 85' lang='lat' dir='ltr'>ad</span> <span class='ocrx_word' id='word_1_20' title='bbox 526 394 631 449; x_wconf 79' lang='lat' dir='ltr'><strong>transitum</strong></span> <span class='ocrx_word' id='word_1_21' title='bbox 645 397 701 453; x_wconf 84' lang='lat' dir='ltr'>rates</span> <span class='ocrx_word' id='word_1_22' title='bbox 713 389 778 444; x_wconf 82' lang='lat' dir='ltr'>jussit,</span> 
     </span>
     <span class='ocr_line' id='line_1_4' title="bbox 48 458 779 518; baseline -0.007 -14"><span class='ocrx_word' id='word_1_23' title='bbox 48 475 113 507; x_wconf 82' lang='lat' dir='ltr'>verum</span> <span class='ocrx_word' id='word_1_24' title='bbox 128 462 299 512; x_wconf 73' lang='lat' dir='ltr'>contorquentibus</span> <span class='ocrx_word' id='word_1_25' title='bbox 315 473 336 502; x_wconf 86' lang='lat' dir='ltr'>se</span> <span class='ocrx_word' id='word_1_26' title='bbox 351 462 375 501; x_wconf 86' lang='lat' dir='ltr'>ed</span> <span class='ocrx_word' id='word_1_27' title='bbox 388 463 454 502; x_wconf 84' lang='lat' dir='ltr'>loreas</span> <span class='ocrx_word' id='word_1_28' title='bbox 470 464 523 516; x_wconf 89' lang='lat' dir='ltr'>aquis</span> <span class='ocrx_word' id='word_1_29' title='bbox 538 463 613 501; x_wconf 88' lang='lat' dir='ltr'>illarum</span> <span class='ocrx_word' id='word_1_30' title='bbox 626 460 730 518; x_wconf 83' lang='lat' dir='ltr'>vorticibus</span> <span class='ocrx_word' id='word_1_31' title='bbox 745 458 779 517; x_wconf 82' lang='lat' dir='ltr'>du-</span> 
     </span>
     <span class='ocr_line' id='line_1_5' title="bbox 49 529 779 587; baseline -0.005 -14"><span class='ocrx_word' id='word_1_32' title='bbox 49 532 99 574; x_wconf 84' lang='lat' dir='ltr'>nenti</span> <span class='ocrx_word' id='word_1_33' title='bbox 113 531 208 582; x_wconf 87' lang='lat' dir='ltr'>absumpti</span> <span class='ocrx_word' id='word_1_34' title='bbox 218 535 272 569; x_wconf 87' lang='lat' dir='ltr'>sunt:</span> <span class='ocrx_word' id='word_1_35' title='bbox 286 529 353 569; x_wconf 89' lang='lat' dir='ltr'>ultimo</span> <span class='ocrx_word' id='word_1_36' title='bbox 362 529 467 582; x_wconf 84' lang='lat' dir='ltr'>Regionem</span> <span class='ocrx_word' id='word_1_37' title='bbox 477 529 599 581; x_wconf 74' lang='lat' dir='ltr'>serpentibus</span> <span class='ocrx_word' id='word_1_38' title='bbox 613 529 779 587; x_wconf 21' lang='lat' dir='ltr'>intestam-aggre-</span> 
     </span>
     <span class='ocr_line' id='line_1_6' title="bbox 48 587 779 650; baseline -0.01 -9"><span class='ocrx_word' id='word_1_39' title='bbox 48 603 133 645; x_wconf 86' lang='lat' dir='ltr'>diuntur,</span> <span class='ocrx_word' id='word_1_40' title='bbox 145 597 190 638; x_wconf 83' lang='lat' dir='ltr'>sed</span> <span class='ocrx_word' id='word_1_41' title='bbox 207 598 261 637; x_wconf 90' lang='lat' dir='ltr'>irrito</span> <span class='ocrx_word' id='word_1_42' title='bbox 280 602 362 644; x_wconf 86' lang='lat' dir='ltr'>conatu;</span> <span class='ocrx_word' id='word_1_43' title='bbox 381 610 426 638; x_wconf 81' lang='lat' dir='ltr'>nem</span> <span class='ocrx_word' id='word_1_44' title='bbox 444 587 563 650; x_wconf 86' lang='lat' dir='ltr'>septuaginta</span> <span class='ocrx_word' id='word_1_45' title='bbox 582 603 656 650; x_wconf 86' lang='lat' dir='ltr'>septem</span> <span class='ocrx_word' id='word_1_46' title='bbox 676 594 779 637; x_wconf 87' lang='lat' dir='ltr'>desiderati</span> 
     </span>
     <span class='ocr_line' id='line_1_7' title="bbox 47 655 778 719; baseline -0.008 -10"><span class='ocrx_word' id='word_1_47' title='bbox 47 673 99 710; x_wconf 88' lang='lat' dir='ltr'>sunt.</span> <span class='ocrx_word' id='word_1_48' title='bbox 123 669 150 708; x_wconf 86' lang='lat' dir='ltr'>lta</span> <span class='ocrx_word' id='word_1_49' title='bbox 160 667 257 718; x_wconf 86' lang='lat' dir='ltr'>pugnandi</span> <span class='ocrx_word' id='word_1_50' title='bbox 270 665 308 706; x_wconf 87' lang='lat' dir='ltr'>fine</span> <span class='ocrx_word' id='word_1_51' title='bbox 323 667 374 707; x_wconf 82' lang='lat' dir='ltr'>lecto</span> <span class='ocrx_word' id='word_1_52' title='bbox 389 667 456 708; x_wconf 87' lang='lat' dir='ltr'>urbem</span> <span class='ocrx_word' id='word_1_53' title='bbox 470 679 540 709; x_wconf 88' lang='lat' dir='ltr'>novem</span> <span class='ocrx_word' id='word_1_54' title='bbox 553 655 639 719; x_wconf 87' lang='lat' dir='ltr'>integros</span> <span class='ocrx_word' id='word_1_55' title='bbox 650 677 710 707; x_wconf 81' lang='lat' dir='ltr'>annos</span> <span class='ocrx_word' id='word_1_56' title='bbox 720 657 778 705; x_wconf 43' lang='lat' dir='ltr'>‘nollo</span> 
     </span>
     <span class='ocr_line' id='line_1_8' title="bbox 47 734 778 790; baseline -0.008 -13"><span class='ocrx_word' id='word_1_57' title='bbox 47 747 126 790; x_wconf 87' lang='lat' dir='ltr'>prorsus</span> <span class='ocrx_word' id='word_1_58' title='bbox 151 740 183 776; x_wconf 88' lang='lat' dir='ltr'>aut</span> <span class='ocrx_word' id='word_1_59' title='bbox 202 734 323 788; x_wconf 77' lang='lat' dir='ltr'>ingrediente</span> <span class='ocrx_word' id='word_1_60' title='bbox 344 740 375 775; x_wconf 87' lang='lat' dir='ltr'>aut</span> <span class='ocrx_word' id='word_1_61' title='bbox 400 740 480 776; x_wconf 82' lang='lat' dir='ltr'>exeunte</span> <span class='ocrx_word' id='word_1_62' title='bbox 501 735 623 776; x_wconf 86' lang='lat' dir='ltr'>obsederunt.</span> <span class='ocrx_word' id='word_1_63' title='bbox 658 736 709 774; x_wconf 88' lang='lat' dir='ltr'>Dum</span> <span class='ocrx_word' id='word_1_64' title='bbox 729 734 778 772; x_wconf 87' lang='lat' dir='ltr'>haec</span> 
     </span>
     <span class='ocr_line' id='line_1_9' title="bbox 47 799 779 859; baseline -0.01 -14"><span class='ocrx_word' id='word_1_65' title='bbox 47 807 147 859; x_wconf 88' lang='lat' dir='ltr'>geruntur,</span> <span class='ocrx_word' id='word_1_66' title='bbox 171 802 237 844; x_wconf 89' lang='lat' dir='ltr'>llloses</span> <span class='ocrx_word' id='word_1_67' title='bbox 254 803 340 856; x_wconf 75' lang='lat' dir='ltr'>Aegypto</span> <span class='ocrx_word' id='word_1_68' title='bbox 361 804 465 856; x_wconf 81' lang='lat' dir='ltr'>profugus,</span> <span class='ocrx_word' id='word_1_69' title='bbox 489 804 561 844; x_wconf 87' lang='lat' dir='ltr'>Necani</span> <span class='ocrx_word' id='word_1_70' title='bbox 580 802 638 853; x_wconf 87' lang='lat' dir='ltr'>Regis</span> <span class='ocrx_word' id='word_1_71' title='bbox 662 799 779 851; x_wconf 78' lang='lat' dir='ltr'>Aethiopum</span> 
     </span>
     <span class='ocr_line' id='line_1_10' title="bbox 47 868 777 925; baseline -0.01 -11"><span class='ocrx_word' id='word_1_72' title='bbox 47 878 108 914; x_wconf 84' lang='lat' dir='ltr'>castra</span> <span class='ocrx_word' id='word_1_73' title='bbox 121 872 218 925; x_wconf 83' lang='lat' dir='ltr'>peruenit:</span> <span class='ocrx_word' id='word_1_74' title='bbox 233 884 303 912; x_wconf 90' lang='lat' dir='ltr'>annum</span> <span class='ocrx_word' id='word_1_75' title='bbox 317 873 384 924; x_wconf 84' lang='lat' dir='ltr'>agebat</span> <span class='ocrx_word' id='word_1_76' title='bbox 395 872 491 912; x_wconf 89' lang='lat' dir='ltr'>decimum</span> <span class='ocrx_word' id='word_1_77' title='bbox 501 872 584 918; x_wconf 86' lang='lat' dir='ltr'>tertium,</span> <span class='ocrx_word' id='word_1_78' title='bbox 597 870 666 911; x_wconf 81' lang='lat' dir='ltr'>eximie</span> <span class='ocrx_word' id='word_1_79' title='bbox 681 868 777 921; x_wconf 86' lang='lat' dir='ltr'>surgentis</span> 
     </span>
     <span class='ocr_line' id='line_1_11' title="bbox 46 937 779 994; baseline -0.008 -12"><span class='ocrx_word' id='word_1_80' title='bbox 46 943 65 983; x_wconf 95' lang='lat' dir='ltr'>in</span> <span class='ocrx_word' id='word_1_81' title='bbox 79 941 157 982; x_wconf 90' lang='lat' dir='ltr'>modum</span> <span class='ocrx_word' id='word_1_82' title='bbox 172 942 246 993; x_wconf 76' lang='lat' dir='ltr'>palmae</span> <span class='ocrx_word' id='word_1_83' title='bbox 260 945 331 983; x_wconf 83' lang='lat' dir='ltr'>statura</span> <span class='ocrx_word' id='word_1_84' title='bbox 346 943 474 994; x_wconf 84' lang='lat' dir='ltr'>conspicuus,</span> <span class='ocrx_word' id='word_1_85' title='bbox 490 942 577 994; x_wconf 78' lang='lat' dir='ltr'>adeoque</span> <span class='ocrx_word' id='word_1_86' title='bbox 591 940 678 992; x_wconf 74' lang='lat' dir='ltr'>Regiae</span> <span class='ocrx_word' id='word_1_87' title='bbox 692 937 779 990; x_wconf 89' lang='lat' dir='ltr'>proceri·</span> 
     </span>
     <span class='ocr_line' id='line_1_12' title="bbox 45 1006 779 1063; baseline -0.007 -13"><span class='ocrx_word' id='word_1_88' title='bbox 45 1013 80 1050; x_wconf 87' lang='lat' dir='ltr'>bus</span> <span class='ocrx_word' id='word_1_89' title='bbox 95 1011 159 1050; x_wconf 85' lang='lat' dir='ltr'>statim</span> <span class='ocrx_word' id='word_1_90' title='bbox 172 1011 228 1050; x_wconf 89' lang='lat' dir='ltr'>unice</span> <span class='ocrx_word' id='word_1_91' title='bbox 243 1011 322 1057; x_wconf 84' lang='lat' dir='ltr'>charus,</span> <span class='ocrx_word' id='word_1_92' title='bbox 341 1011 388 1062; x_wconf 88' lang='lat' dir='ltr'>Regi</span> <span class='ocrx_word' id='word_1_93' title='bbox 408 1013 522 1063; x_wconf 89' lang='lat' dir='ltr'>praecipue,</span> <span class='ocrx_word' id='word_1_94' title='bbox 544 1010 577 1062; x_wconf 89' lang='lat' dir='ltr'>qui</span> <span class='ocrx_word' id='word_1_95' title='bbox 594 1009 689 1050; x_wconf 83' lang='lat' dir='ltr'>exercitus</span> <span class='ocrx_word' id='word_1_96' title='bbox 709 1006 779 1047; x_wconf 87' lang='lat' dir='ltr'>ducem</span> 
     </span>
     <span class='ocr_line' id='line_1_13' title="bbox 45 1075 778 1132; baseline -0.007 -14"><span class='ocrx_word' id='word_1_97' title='bbox 45 1079 112 1130; x_wconf 86' lang='lat' dir='ltr'>elegit;</span> <span class='ocrx_word' id='word_1_98' title='bbox 126 1079 146 1119; x_wconf 89' lang='lat' dir='ltr'>id</span> <span class='ocrx_word' id='word_1_99' title='bbox 159 1080 245 1120; x_wconf 88' lang='lat' dir='ltr'>muneris</span> <span class='ocrx_word' id='word_1_100' title='bbox 255 1079 322 1120; x_wconf 87' lang='grc'>1110000</span> <span class='ocrx_word' id='word_1_101' title='bbox 337 1079 402 1127; x_wconf 80' lang='lat' dir='ltr'>obivit,</span> <span class='ocrx_word' id='word_1_102' title='bbox 416 1079 532 1132; x_wconf 84' lang='lat' dir='ltr'>usquedum</span> <span class='ocrx_word' id='word_1_103' title='bbox 540 1079 629 1118; x_wconf 88' lang='lat' dir='ltr'>Necanus</span> <span class='ocrx_word' id='word_1_104' title='bbox 643 1077 711 1116; x_wconf 87' lang='lat' dir='ltr'>morbo</span> <span class='ocrx_word' id='word_1_105' title='bbox 727 1075 778 1116; x_wconf 90' lang='lat' dir='ltr'>diem</span> 
     </span>
     <span class='ocr_line' id='line_1_14' title="bbox 47 1134 778 1200; baseline -0.007 -13"><span class='ocrx_word' id='word_1_106' title='bbox 47 1148 99 1188; x_wconf 87' lang='lat' dir='ltr'>obiit.</span> <span class='ocrx_word' id='word_1_107' title='bbox 124 1134 173 1188; x_wconf 78' lang='lat' dir='ltr'>Tum</span> <span class='ocrx_word' id='word_1_108' title='bbox 188 1148 281 1188; x_wconf 89' lang='lat' dir='ltr'>collectos</span> <span class='ocrx_word' id='word_1_109' title='bbox 295 1149 315 1187; x_wconf 90' lang='lat' dir='ltr'>in</span> <span class='ocrx_word' id='word_1_110' title='bbox 330 1160 388 1188; x_wconf 91' lang='lat' dir='ltr'>unum</span> <span class='ocrx_word' id='word_1_111' title='bbox 402 1147 469 1194; x_wconf 89' lang='lat' dir='ltr'>duces,</span> <span class='ocrx_word' id='word_1_112' title='bbox 484 1147 530 1200; x_wconf 84' lang='lat' dir='ltr'>quid</span> <span class='ocrx_word' id='word_1_113' title='bbox 541 1148 591 1187; x_wconf 87' lang='lat' dir='ltr'>facto</span> <span class='ocrx_word' id='word_1_114' title='bbox 602 1158 656 1197; x_wconf 84' lang='lat' dir='ltr'>opus,</span> <span class='ocrx_word' id='word_1_115' title='bbox 671 1145 734 1185; x_wconf 89' lang='lat' dir='ltr'>auimo</span> <span class='ocrx_word' id='word_1_116' title='bbox 748 1157 778 1182; x_wconf 93' lang='lat' dir='ltr'>re-</span> 
     </span>
     <span class='ocr_line' id='line_1_15' title="bbox 47 1209 779 1267; baseline -0.011 -11"><span class='ocrx_word' id='word_1_117' title='bbox 47 1220 126 1266; x_wconf 86' lang='lat' dir='ltr'>putare,</span> <span class='ocrx_word' id='word_1_118' title='bbox 143 1216 231 1256; x_wconf 90' lang='lat' dir='ltr'>omnibus</span> <span class='ocrx_word' id='word_1_119' title='bbox 245 1216 316 1267; x_wconf 84' lang='lat' dir='ltr'>placuit</span> <span class='ocrx_word' id='word_1_120' title='bbox 330 1217 352 1256; x_wconf 89' lang='lat' dir='ltr'>ab</span> <span class='ocrx_word' id='word_1_121' title='bbox 369 1216 470 1256; x_wconf 80' lang='lat' dir='ltr'>obsidione</span> <span class='ocrx_word' id='word_1_122' title='bbox 484 1228 524 1256; x_wconf 85' lang='lat' dir='ltr'>nou</span> <span class='ocrx_word' id='word_1_123' title='bbox 539 1214 664 1259; x_wconf 76' lang='lat' dir='ltr'>cessandum,</span> <span class='ocrx_word' id='word_1_124' title='bbox 685 1224 696 1252; x_wconf 86' lang='lat' dir='ltr'>a</span> <span class='ocrx_word' id='word_1_125' title='bbox 710 1222 748 1263; x_wconf 88' lang='lat' dir='ltr'>qua</span> <span class='ocrx_word' id='word_1_126' title='bbox 761 1209 779 1249; x_wconf 92' lang='lat' dir='ltr'>si</span> 
     </span>
     <span class='ocr_line' id='line_1_16' title="bbox 46 1280 778 1335; baseline -0.004 -15"><span class='ocrx_word' id='word_1_127' title='bbox 46 1282 167 1327; x_wconf 87' lang='lat' dir='ltr'>desinerent,</span> <span class='ocrx_word' id='word_1_128' title='bbox 183 1285 257 1334; x_wconf 83' lang='lat' dir='ltr'>egressi</span> <span class='ocrx_word' id='word_1_129' title='bbox 272 1285 324 1324; x_wconf 87' lang='lat' dir='ltr'>cives</span> <span class='ocrx_word' id='word_1_130' title='bbox 338 1285 432 1335; x_wconf 81' lang='lat' dir='ltr'>fugientes</span> <span class='ocrx_word' id='word_1_131' title='bbox 447 1285 513 1334; x_wconf 84' lang='lat' dir='ltr'>copias</span> <span class='ocrx_word' id='word_1_132' title='bbox 527 1284 625 1334; x_wconf 85' lang='lat' dir='ltr'>insequuti</span> <span class='ocrx_word' id='word_1_133' title='bbox 639 1294 672 1321; x_wconf 85' lang='grc'>000</span> <span class='ocrx_word' id='word_1_134' title='bbox 686 1280 778 1322; x_wconf 85' lang='lat' dir='ltr'>delerent,</span> 
     </span>
     <span class='ocr_line' id='line_1_17' title="bbox 44 1349 778 1405; baseline -0.008 -15"><span class='ocrx_word' id='word_1_135' title='bbox 44 1351 107 1403; x_wconf 91' lang='lat' dir='ltr'>perire</span> <span class='ocrx_word' id='word_1_136' title='bbox 123 1363 180 1402; x_wconf 86' lang='lat' dir='ltr'>quam</span> <span class='ocrx_word' id='word_1_137' title='bbox 194 1351 268 1401; x_wconf 83' lang='lat' dir='ltr'>abjecta</span> <span class='ocrx_word' id='word_1_138' title='bbox 282 1352 353 1404; x_wconf 89' lang='lat' dir='ltr'>vilique</span> <span class='ocrx_word' id='word_1_139' title='bbox 366 1351 411 1405; x_wconf 85' lang='lat' dir='ltr'>fuga</span> <span class='ocrx_word' id='word_1_140' title='bbox 430 1351 522 1392; x_wconf 84' lang='lat' dir='ltr'>recedere</span> <span class='ocrx_word' id='word_1_141' title='bbox 539 1351 603 1392; x_wconf 87' lang='lat' dir='ltr'>visum</span> <span class='ocrx_word' id='word_1_142' title='bbox 622 1354 657 1390; x_wconf 90' lang='lat' dir='ltr'>est.</span> <span class='ocrx_word' id='word_1_143' title='bbox 685 1349 778 1396; x_wconf 86' lang='lat' dir='ltr'>Assump-</span> 
     </span>
     <span class='ocr_line' id='line_1_18' title="bbox 44 1412 778 1472; baseline -0.01 -14"><span class='ocrx_word' id='word_1_144' title='bbox 44 1422 73 1459; x_wconf 89' lang='lat' dir='ltr'>tus</span> <span class='ocrx_word' id='word_1_145' title='bbox 88 1419 166 1470; x_wconf 89' lang='lat' dir='ltr'>parihus</span> <span class='ocrx_word' id='word_1_146' title='bbox 181 1419 283 1459; x_wconf 89' lang='lat' dir='ltr'>sententiis</span> <span class='ocrx_word' id='word_1_147' title='bbox 297 1420 317 1459; x_wconf 94' lang='lat' dir='ltr'>in</span> <span class='ocrx_word' id='word_1_148' title='bbox 331 1419 404 1472; x_wconf 82' lang='lat' dir='ltr'>Regem</span> <span class='ocrx_word' id='word_1_149' title='bbox 418 1420 497 1466; x_wconf 86' lang='lat' dir='ltr'>Moses,</span> <span class='ocrx_word' id='word_1_150' title='bbox 513 1420 544 1458; x_wconf 87' lang='lat' dir='ltr'>cui</span> <span class='ocrx_word' id='word_1_151' title='bbox 559 1422 578 1459; x_wconf 89' lang='lat' dir='ltr'>et</span> <span class='ocrx_word' id='word_1_152' title='bbox 597 1427 692 1457; x_wconf 86' lang='lat' dir='ltr'>concessa</span> <span class='ocrx_word' id='word_1_153' title='bbox 705 1412 778 1454; x_wconf 84' lang='lat' dir='ltr'>Necani</span> 
     </span>
     <span class='ocr_line' id='line_1_19' title="bbox 44 1481 778 1539; baseline -0.008 -13"><span class='ocrx_word' id='word_1_154' title='bbox 44 1499 96 1533; x_wconf 81' lang='lat' dir='ltr'>uxor,</span> <span class='ocrx_word' id='word_1_155' title='bbox 112 1499 169 1539; x_wconf 90' lang='lat' dir='ltr'>quam</span> <span class='ocrx_word' id='word_1_156' title='bbox 183 1494 247 1530; x_wconf 88' lang='lat' dir='ltr'>tamen</span> <span class='ocrx_word' id='word_1_157' title='bbox 261 1489 344 1529; x_wconf 80' lang='lat' dir='ltr'>foederis</span> <span class='ocrx_word' id='word_1_158' title='bbox 358 1489 435 1529; x_wconf 90' lang='lat' dir='ltr'>Domini</span> <span class='ocrx_word' id='word_1_159' title='bbox 447 1501 522 1528; x_wconf 89' lang='lat' dir='ltr'>memor</span> <span class='ocrx_word' id='word_1_160' title='bbox 532 1500 571 1527; x_wconf 90' lang='lat' dir='ltr'>non</span> <span class='ocrx_word' id='word_1_161' title='bbox 583 1486 653 1538; x_wconf 85' lang='lat' dir='ltr'>attigit,</span> <span class='ocrx_word' id='word_1_162' title='bbox 669 1482 705 1524; x_wconf 91' lang='lat' dir='ltr'>sed</span> <span class='ocrx_word' id='word_1_163' title='bbox 714 1481 778 1522; x_wconf 79' lang='lat' dir='ltr'>merlin</span> 
     </span>
     <span class='ocr_line' id='line_1_20' title="bbox 44 1549 778 1609; baseline -0.003 -16"><span class='ocrx_word' id='word_1_164' title='bbox 44 1555 155 1607; x_wconf 87' lang='lat' dir='ltr'>interposito</span> <span class='ocrx_word' id='word_1_165' title='bbox 171 1569 229 1602; x_wconf 80' lang='lat' dir='ltr'>cnse,</span> <span class='ocrx_word' id='word_1_166' title='bbox 244 1569 283 1597; x_wconf 91' lang='lat' dir='ltr'>non</span> <span class='ocrx_word' id='word_1_167' title='bbox 297 1558 388 1608; x_wconf 86' lang='lat' dir='ltr'>peccavit.</span> <span class='ocrx_word' id='word_1_168' title='bbox 418 1556 483 1597; x_wconf 89' lang='lat' dir='ltr'>Tertio</span> <span class='ocrx_word' id='word_1_169' title='bbox 502 1560 548 1609; x_wconf 90' lang='lat' dir='ltr'>post</span> <span class='ocrx_word' id='word_1_170' title='bbox 566 1553 732 1607; x_wconf 79' lang='lat' dir='ltr'>inaugurationem</span> <span class='ocrx_word' id='word_1_171' title='bbox 747 1549 778 1589; x_wconf 83' lang='lat' dir='ltr'>die</span> 
     </span>
     <span class='ocr_line' id='line_1_21' title="bbox 43 1621 777 1674; baseline -0.005 -14"><span class='ocrx_word' id='word_1_172' title='bbox 43 1624 214 1672; x_wconf 84' lang='lat' dir='ltr'>procereslllosen</span> <span class='ocrx_word' id='word_1_173' title='bbox 229 1623 253 1663; x_wconf 91' lang='lat' dir='ltr'>de</span> <span class='ocrx_word' id='word_1_174' title='bbox 269 1624 369 1663; x_wconf 86' lang='lat' dir='ltr'>obsidione</span> <span class='ocrx_word' id='word_1_175' title='bbox 383 1625 506 1674; x_wconf 80' lang='lat' dir='ltr'>interrogent,</span> <span class='ocrx_word' id='word_1_176' title='bbox 522 1635 570 1673; x_wconf 83' lang='lat' dir='ltr'>quae</span> <span class='ocrx_word' id='word_1_177' title='bbox 585 1633 655 1662; x_wconf 87' lang='lat' dir='ltr'>novem</span> <span class='ocrx_word' id='word_1_178' title='bbox 663 1621 704 1671; x_wconf 78' lang='lat' dir='ltr'>jam</span> <span class='ocrx_word' id='word_1_179' title='bbox 717 1629 777 1659; x_wconf 83' lang='grc'>0111100</span> 
     </span>
     <span class='ocr_line' id='line_1_22' title="bbox 45 1683 778 1746; baseline -0.001 -18"><span class='ocrx_word' id='word_1_180' title='bbox 45 1688 149 1737; x_wconf 80' lang='lat' dir='ltr'>duraverat</span> <span class='ocrx_word' id='word_1_181' title='bbox 163 1702 244 1730; x_wconf 85' lang='lat' dir='ltr'>uxorum</span> <span class='ocrx_word' id='word_1_182' title='bbox 258 1690 397 1744; x_wconf 89' lang='lat' dir='ltr'>pignorumque</span> <span class='ocrx_word' id='word_1_183' title='bbox 412 1691 513 1731; x_wconf 84' lang='lat' dir='ltr'>carissimo</span> <span class='ocrx_word' id='word_1_184' title='bbox 528 1694 606 1746; x_wconf 79' lang='lat' dir='ltr'>aspectu</span> <span class='ocrx_word' id='word_1_185' title='bbox 621 1688 707 1732; x_wconf 86' lang='lat' dir='ltr'>viduatis.</span> <span class='ocrx_word' id='word_1_186' title='bbox 735 1683 778 1724; x_wconf 81' lang='lat' dir='ltr'>Mo·</span> 
     </span>
     <span class='ocr_line' id='line_1_23' title="bbox 44 1753 778 1811; baseline -0.003 -14"><span class='ocrx_word' id='word_1_187' title='bbox 44 1769 76 1798; x_wconf 93' lang='lat' dir='ltr'>ses</span> <span class='ocrx_word' id='word_1_188' title='bbox 96 1758 247 1811; x_wconf 89' lang='lat' dir='ltr'>obsequentibus</span> <span class='ocrx_word' id='word_1_189' title='bbox 263 1759 326 1798; x_wconf 82' lang='lat' dir='ltr'>omnio</span> <span class='ocrx_word' id='word_1_190' title='bbox 344 1771 438 1811; x_wconf 83' lang='lat' dir='ltr'>prospera</span> <span class='ocrx_word' id='word_1_191' title='bbox 457 1760 555 1810; x_wconf 87' lang='lat' dir='ltr'>promisit,</span> <span class='ocrx_word' id='word_1_192' title='bbox 577 1760 604 1799; x_wconf 89' lang='lat' dir='ltr'>illi</span> <span class='ocrx_word' id='word_1_193' title='bbox 623 1760 671 1799; x_wconf 87' lang='lat' dir='ltr'>nihil</span> <span class='ocrx_word' id='word_1_194' title='bbox 684 1753 778 1798; x_wconf 75' lang='lat' dir='ltr'>renuere²</span> 
     </span>
     <span class='ocr_line' id='line_1_24' title="bbox 43 1827 777 1880; baseline 0.001 -15"><span class='ocrx_word' id='word_1_195' title='bbox 43 1827 109 1876; x_wconf 80' lang='lat' dir='ltr'>igitur,</span> <span class='ocrx_word' id='word_1_196' title='bbox 127 1828 199 1878; x_wconf 87' lang='lat' dir='ltr'>inquit,</span> <span class='ocrx_word' id='word_1_197' title='bbox 215 1827 333 1867; x_wconf 80' lang='lat' dir='ltr'>ciconiarum</span> <span class='ocrx_word' id='word_1_198' title='bbox 347 1827 410 1879; x_wconf 89' lang='lat' dir='ltr'>pullos</span> <span class='ocrx_word' id='word_1_199' title='bbox 426 1827 481 1870; x_wconf 86' lang='lat' dir='ltr'>vobis</span> <span class='ocrx_word' id='word_1_200' title='bbox 496 1833 566 1880; x_wconf 86' lang='lat' dir='ltr'>parate.</span> <span class='ocrx_word' id='word_1_201' title='bbox 595 1828 685 1875; x_wconf 91' lang='lat' dir='ltr'>Dictum,</span> <span class='ocrx_word' id='word_1_202' title='bbox 700 1827 777 1868; x_wconf 82' lang='lat' dir='ltr'>lectum.</span> 
     </span>
     <span class='ocr_line' id='line_1_25' title="bbox 44 1895 778 1948; baseline 0 -14"><span class='ocrx_word' id='word_1_203' title='bbox 44 1895 117 1934; x_wconf 89' lang='lat' dir='ltr'>Rursus</span> <span class='ocrx_word' id='word_1_204' title='bbox 131 1895 171 1934; x_wconf 90' lang='lat' dir='ltr'>illis</span> <span class='ocrx_word' id='word_1_205' title='bbox 185 1895 285 1946; x_wconf 88' lang='lat' dir='ltr'>imperavit</span> <span class='ocrx_word' id='word_1_206' title='bbox 301 1895 392 1945; x_wconf 84' lang='lat' dir='ltr'>praedam</span> <span class='ocrx_word' id='word_1_207' title='bbox 411 1896 461 1936; x_wconf 91' lang='lat' dir='ltr'>inter</span> <span class='ocrx_word' id='word_1_208' title='bbox 479 1897 582 1936; x_wconf 88' lang='lat' dir='ltr'>volandum</span> <span class='ocrx_word' id='word_1_209' title='bbox 603 1898 734 1948; x_wconf 85' lang='lat' dir='ltr'>accipitrariae</span> <span class='ocrx_word' id='word_1_210' title='bbox 754 1896 778 1934; x_wconf 87' lang='lat' dir='ltr'>ad</span> 
     </span>
     <span class='ocr_line' id='line_1_26' title="bbox 44 1963 777 2016; baseline -0.001 -13"><span class='ocrx_word' id='word_1_211' title='bbox 44 1963 103 2004; x_wconf 89' lang='lat' dir='ltr'>instar</span> <span class='ocrx_word' id='word_1_212' title='bbox 125 1976 159 2004; x_wconf 92' lang='lat' dir='ltr'>eos</span> <span class='ocrx_word' id='word_1_213' title='bbox 179 1964 281 2005; x_wconf 82' lang='lat' dir='ltr'>docerent:</span> <span class='ocrx_word' id='word_1_214' title='bbox 301 1964 352 2016; x_wconf 90' lang='lat' dir='ltr'>quod</span> <span class='ocrx_word' id='word_1_215' title='bbox 374 1969 393 2003; x_wconf 91' lang='lat' dir='ltr'>et</span> <span class='ocrx_word' id='word_1_216' title='bbox 410 1964 439 2003; x_wconf 91' lang='lat' dir='ltr'>illi</span> <span class='ocrx_word' id='word_1_217' title='bbox 457 1977 497 2003; x_wconf 89' lang='lat' dir='ltr'>non</span> <span class='ocrx_word' id='word_1_218' title='bbox 519 1966 604 2016; x_wconf 86' lang='lat' dir='ltr'>segniter</span> <span class='ocrx_word' id='word_1_219' title='bbox 618 1963 708 2015; x_wconf 83' lang='lat' dir='ltr'>exequuti</span> <span class='ocrx_word' id='word_1_220' title='bbox 723 1967 777 2008; x_wconf 82' lang='lat' dir='ltr'>sunt3</span> 
     </span>
     <span class='ocr_line' id='line_1_27' title="bbox 44 2032 777 2085; baseline 0 -14"><span class='ocrx_word' id='word_1_221' title='bbox 44 2033 120 2072; x_wconf 88' lang='lat' dir='ltr'>tandem</span> <span class='ocrx_word' id='word_1_222' title='bbox 136 2045 203 2072; x_wconf 91' lang='lat' dir='ltr'>omnes</span> <span class='ocrx_word' id='word_1_223' title='bbox 217 2033 287 2072; x_wconf 84' lang='lat' dir='ltr'>loricis·</span> <span class='ocrx_word' id='word_1_224' title='bbox 299 2037 391 2078; x_wconf 84' lang='lat' dir='ltr'>armatos,</span> <span class='ocrx_word' id='word_1_225' title='bbox 411 2045 471 2085; x_wconf 90' lang='lat' dir='ltr'>equos</span> <span class='ocrx_word' id='word_1_226' title='bbox 487 2034 620 2074; x_wconf 89' lang='lat' dir='ltr'>conscendere</span> <span class='ocrx_word' id='word_1_227' title='bbox 634 2046 656 2073; x_wconf 85' lang='lat' dir='ltr'>ec</span> <span class='ocrx_word' id='word_1_228' title='bbox 671 2045 693 2072; x_wconf 89' lang='lat' dir='ltr'>se</span> <span class='ocrx_word' id='word_1_229' title='bbox 708 2032 777 2072; x_wconf 89' lang='lat' dir='ltr'>ducem</span> 
     </span>
     <span class='ocr_line' id='line_1_28' title="bbox 44 2099 777 2153; baseline 0.007 -17"><span class='ocrx_word' id='word_1_230' title='bbox 44 2100 99 2150; x_wconf 85' lang='lat' dir='ltr'>sequi</span> <span class='ocrx_word' id='word_1_231' title='bbox 111 2099 175 2149; x_wconf 78' lang='lat' dir='ltr'>jubet,</span> <span class='ocrx_word' id='word_1_232' title='bbox 191 2112 233 2140; x_wconf 89' lang='lat' dir='ltr'>earn</span> <span class='ocrx_word' id='word_1_233' title='bbox 246 2101 266 2138; x_wconf 94' lang='lat' dir='ltr'>in</span> <span class='ocrx_word' id='word_1_234' title='bbox 280 2104 354 2151; x_wconf 88' lang='lat' dir='ltr'>partem</span> <span class='ocrx_word' id='word_1_235' title='bbox 369 2112 425 2151; x_wconf 84' lang='lat' dir='ltr'>quam</span> <span class='ocrx_word' id='word_1_236' title='bbox 445 2104 545 2152; x_wconf 85' lang='lat' dir='ltr'>serpentes</span> <span class='ocrx_word' id='word_1_237' title='bbox 565 2101 686 2148; x_wconf 80' lang='lat' dir='ltr'>tutabantur,</span> <span class='ocrx_word' id='word_1_238' title='bbox 708 2101 777 2153; x_wconf 92' lang='lat' dir='ltr'>quibus</span> 
     </span>
     <span class='ocr_line' id='line_1_29' title="bbox 44 2164 776 2223; baseline 0.008 -20"><span class='ocrx_word' id='word_1_239' title='bbox 44 2166 104 2208; x_wconf 88' lang='lat' dir='ltr'>obviis</span> <span class='ocrx_word' id='word_1_240' title='bbox 115 2167 199 2207; x_wconf 86' lang='lat' dir='ltr'>ciconias</span> <span class='ocrx_word' id='word_1_241' title='bbox 212 2168 341 2214; x_wconf 88' lang='lat' dir='ltr'>immitterent,</span> <span class='ocrx_word' id='word_1_242' title='bbox 358 2179 406 2219; x_wconf 88' lang='lat' dir='ltr'>quae</span> <span class='ocrx_word' id='word_1_243' title='bbox 420 2169 464 2208; x_wconf 90' lang='lat' dir='ltr'>illos</span> <span class='ocrx_word' id='word_1_244' title='bbox 475 2169 589 2210; x_wconf 87' lang='lat' dir='ltr'>occiderent</span> <span class='ocrx_word' id='word_1_245' title='bbox 602 2164 703 2223; x_wconf 84' lang='lat' dir='ltr'>cibumque</span> <span class='ocrx_word' id='word_1_246' title='bbox 718 2171 776 2210; x_wconf 87' lang='lat' dir='ltr'>hebe-</span> 
     </span>
     <span class='ocr_line' id='line_1_30' title="bbox 43 2234 776 2291; baseline 0.005 -17"><span class='ocrx_word' id='word_1_247' title='bbox 43 2242 91 2276; x_wconf 81' lang='lat' dir='ltr'>rent</span> <span class='ocrx_word' id='word_1_248' title='bbox 118 2236 157 2276; x_wconf 89' lang='lat' dir='ltr'>Res</span> <span class='ocrx_word' id='word_1_249' title='bbox 177 2234 333 2287; x_wconf 58' lang='lat' dir='ltr'>imperatur-es</span> <span class='ocrx_word' id='word_1_250' title='bbox 353 2241 406 2283; x_wconf 85' lang='lat' dir='ltr'>acta,</span> <span class='ocrx_word' id='word_1_251' title='bbox 426 2237 490 2289; x_wconf 85' lang='lat' dir='ltr'>itaque</span> <span class='ocrx_word' id='word_1_252' title='bbox 505 2237 601 2279; x_wconf 88' lang='lat' dir='ltr'>civitatem</span> <span class='ocrx_word' id='word_1_253' title='bbox 621 2240 705 2291; x_wconf 83' lang='lat' dir='ltr'>ingressi</span> <span class='ocrx_word' id='word_1_254' title='bbox 726 2240 776 2281; x_wconf 87' lang='lat' dir='ltr'>lerro</span> 
     </span>
     <span class='ocr_line' id='line_1_31' title="bbox 43 2296 775 2357; baseline 0.008 -14"><span class='ocrx_word' id='word_1_255' title='bbox 43 2309 116 2344; x_wconf 81' lang='lat' dir='ltr'>vastam</span> <span class='ocrx_word' id='word_1_256' title='bbox 134 2304 233 2351; x_wconf 86' lang='lat' dir='ltr'>fecerunt,</span> <span class='ocrx_word' id='word_1_257' title='bbox 261 2304 313 2356; x_wconf 86' lang='lat' dir='ltr'>quod</span> <span class='ocrx_word' id='word_1_258' title='bbox 339 2307 471 2357; x_wconf 86' lang='lat' dir='ltr'>spectaculum</span> <span class='ocrx_word' id='word_1_259' title='bbox 492 2296 553 2347; x_wconf 89' lang='lat' dir='ltr'>oculis</span> <span class='ocrx_word' id='word_1_260' title='bbox 575 2309 675 2350; x_wconf 85' lang='lat' dir='ltr'>arbitratus</span> <span class='ocrx_word' id='word_1_261' title='bbox 692 2309 775 2355; x_wconf 79' lang='lat' dir='ltr'>Balaam,</span> 
     </span>
     <span class='ocr_line' id='line_1_32' title="bbox 43 2369 776 2428; baseline 0.011 -19"><span class='ocrx_word' id='word_1_262' title='bbox 43 2369 93 2411; x_wconf 83' lang='lat' dir='ltr'>filius</span> <span class='ocrx_word' id='word_1_263' title='bbox 107 2372 164 2417; x_wconf 89' lang='lat' dir='ltr'>Beor,</span> <span class='ocrx_word' id='word_1_264' title='bbox 179 2373 285 2422; x_wconf 88' lang='lat' dir='ltr'>procuratis</span> <span class='ocrx_word' id='word_1_265' title='bbox 301 2372 434 2412; x_wconf 80' lang='lat' dir='ltr'>devotionibus</span> <span class='ocrx_word' id='word_1_266' title='bbox 448 2386 483 2424; x_wconf 90' lang='lat' dir='ltr'>per</span> <span class='ocrx_word' id='word_1_267' title='bbox 496 2376 566 2413; x_wconf 75' lang='lat' dir='ltr'>aerem</span> <span class='ocrx_word' id='word_1_268' title='bbox 577 2375 654 2415; x_wconf 81' lang='lat' dir='ltr'>avolans</span> <span class='ocrx_word' id='word_1_269' title='bbox 669 2377 688 2415; x_wconf 92' lang='lat' dir='ltr'>in</span> <span class='ocrx_word' id='word_1_270' title='bbox 700 2378 776 2428; x_wconf 73' lang='lat' dir='ltr'>Aegyp-</span> 
     </span>
     <span class='ocr_line' id='line_1_33' title="bbox 44 2439 776 2499; baseline 0.01 -21"><span class='ocrx_word' id='word_1_271' title='bbox 44 2442 83 2479; x_wconf 84' lang='lat' dir='ltr'>tum</span> <span class='ocrx_word' id='word_1_272' title='bbox 103 2452 146 2479; x_wconf 83' lang='lat' dir='ltr'>curn</span> <span class='ocrx_word' id='word_1_273' title='bbox 165 2439 210 2479; x_wconf 84' lang='lat' dir='ltr'>filiis</span> <span class='ocrx_word' id='word_1_274' title='bbox 230 2439 253 2479; x_wconf 85' lang='lat' dir='ltr'>ad</span> <span class='ocrx_word' id='word_1_275' title='bbox 267 2440 374 2480; x_wconf 86' lang='lat' dir='ltr'>Pharonem</span> <span class='ocrx_word' id='word_1_276' title='bbox 387 2441 440 2494; x_wconf 86' lang='lat' dir='ltr'>fugit</span> <span class='ocrx_word' id='word_1_277' title='bbox 474 2442 541 2483; x_wconf 88' lang='lat' dir='ltr'>Moses</span> <span class='ocrx_word' id='word_1_278' title='bbox 563 2443 663 2492; x_wconf 90' lang='lat' dir='ltr'>omnibus,</span> <span class='ocrx_word' id='word_1_279' title='bbox 684 2446 716 2499; x_wconf 88' lang='lat' dir='ltr'>qui</span> <span class='ocrx_word' id='word_1_280' title='bbox 735 2446 776 2498; x_wconf 87' lang='lat' dir='ltr'>ejus</span> 
     </span>
     <span class='ocr_line' id='line_1_34' title="bbox 44 2509 776 2563; baseline 0.011 -17"><span class='ocrx_word' id='word_1_281' title='bbox 44 2509 125 2548; x_wconf 90' lang='lat' dir='ltr'>consilio</span> <span class='ocrx_word' id='word_1_282' title='bbox 140 2513 214 2561; x_wconf 86' lang='lat' dir='ltr'>captam</span> <span class='ocrx_word' id='word_1_283' title='bbox 227 2509 295 2549; x_wconf 86' lang='lat' dir='ltr'>urbem</span> <span class='ocrx_word' id='word_1_284' title='bbox 314 2514 417 2558; x_wconf 84' lang='lat' dir='ltr'>noverant,</span> <span class='ocrx_word' id='word_1_285' title='bbox 438 2512 562 2554; x_wconf 85' lang='lat' dir='ltr'>charissimus</span> <span class='ocrx_word' id='word_1_286' title='bbox 581 2516 666 2563; x_wconf 81' lang='lat' dir='ltr'>vivebat,</span> <span class='ocrx_word' id='word_1_287' title='bbox 686 2515 776 2555; x_wconf 77' lang='grc'>1101100-</span> 
     </span>
     <span class='ocr_line' id='line_1_35' title="bbox 43 2577 777 2630; baseline 0.012 -15"><span class='ocrx_word' id='word_1_288' title='bbox 43 2582 114 2621; x_wconf 74' lang='lat' dir='ltr'>tuens,</span> <span class='ocrx_word' id='word_1_289' title='bbox 126 2583 145 2616; x_wconf 88' lang='lat' dir='ltr'>et</span> <span class='ocrx_word' id='word_1_290' title='bbox 159 2579 220 2618; x_wconf 79' lang='lat' dir='ltr'>aritae</span> <span class='ocrx_word' id='word_1_291' title='bbox 234 2577 340 2629; x_wconf 82' lang='lat' dir='ltr'>Religionis</span> <span class='ocrx_word' id='word_1_292' title='bbox 356 2592 377 2618; x_wconf 87' lang='grc'>00</span> <span class='ocrx_word' id='word_1_293' title='bbox 397 2579 530 2622; x_wconf 80' lang='lat' dir='ltr'>mandatorum</span> <span class='ocrx_word' id='word_1_294' title='bbox 544 2583 657 2630; x_wconf 81' lang='lat' dir='ltr'>Abraharni,</span> <span class='ocrx_word' id='word_1_295' title='bbox 677 2585 737 2624; x_wconf 86' lang='lat' dir='ltr'>lsauci</span> <span class='ocrx_word' id='word_1_296' title='bbox 758 2589 777 2625; x_wconf 91' lang='lat' dir='ltr'>et</span> 
     </span>
     <span class='ocr_line' id='line_1_36' title="bbox 43 2641 775 2702; baseline 0.015 -21"><span class='ocrx_word' id='word_1_297' title='bbox 43 2641 219 2697; x_wconf 81' lang='lat' dir='ltr'>lacobipertinnx,</span> <span class='ocrx_word' id='word_1_298' title='bbox 235 2658 245 2684; x_wconf 88' lang='lat' dir='ltr'>a</span> <span class='ocrx_word' id='word_1_299' title='bbox 260 2645 329 2697; x_wconf 89' lang='lat' dir='ltr'>quibus</span> <span class='ocrx_word' id='word_1_300' title='bbox 343 2659 378 2696; x_wconf 91' lang='lat' dir='ltr'>per</span> <span class='ocrx_word' id='word_1_301' title='bbox 393 2647 527 2699; x_wconf 80' lang='lat' dir='ltr'>quadraginta,</span> <span class='ocrx_word' id='word_1_302' title='bbox 544 2662 592 2702; x_wconf 91' lang='lat' dir='ltr'>quos</span> <span class='ocrx_word' id='word_1_303' title='bbox 608 2653 693 2702; x_wconf 81' lang='lat' dir='ltr'>regnavit</span> <span class='ocrx_word' id='word_1_304' title='bbox 708 2664 775 2699; x_wconf 89' lang='lat' dir='ltr'>annos,</span> 
     </span>
     <span class='ocr_line' id='line_1_37' title="bbox 44 2713 775 2774; baseline 0.016 -24"><span class='ocrx_word' id='word_1_305' title='bbox 44 2713 95 2752; x_wconf 90' lang='lat' dir='ltr'>nullo</span> <span class='ocrx_word' id='word_1_306' title='bbox 106 2717 190 2767; x_wconf 71' lang='lat' dir='ltr'>&#39;prorsus</span> <span class='ocrx_word' id='word_1_307' title='bbox 204 2714 262 2755; x_wconf 82' lang='lat' dir='ltr'>morlo</span> <span class='ocrx_word' id='word_1_308' title='bbox 277 2717 365 2757; x_wconf 90' lang='lat' dir='ltr'>recessit.</span> <span class='ocrx_word' id='word_1_309' title='bbox 393 2717 463 2769; x_wconf 82' lang='lat' dir='ltr'>Elapso</span> <span class='ocrx_word' id='word_1_310' title='bbox 478 2720 516 2759; x_wconf 90' lang='lat' dir='ltr'>hoc</span> <span class='ocrx_word' id='word_1_311' title='bbox 530 2721 621 2772; x_wconf 88' lang='lat' dir='ltr'>temporis</span> <span class='ocrx_word' id='word_1_312' title='bbox 636 2721 704 2774; x_wconf 86' lang='lat' dir='ltr'>spatio,</span> <span class='ocrx_word' id='word_1_313' title='bbox 720 2727 775 2774; x_wconf 88' lang='lat' dir='ltr'>atque</span> 
     </span>
     <span class='ocr_line' id='line_1_38' title="bbox 43 2779 842 2844; baseline 0.016 -25"><span class='ocrx_word' id='word_1_314' title='bbox 43 2779 75 2821; x_wconf 93' lang='lat' dir='ltr'>illo</span> <span class='ocrx_word' id='word_1_315' title='bbox 90 2783 109 2822; x_wconf 93' lang='lat' dir='ltr'>in</span> <span class='ocrx_word' id='word_1_316' title='bbox 125 2784 174 2824; x_wconf 90' lang='grc'>00110</span> <span class='ocrx_word' id='word_1_317' title='bbox 189 2782 281 2830; x_wconf 85' lang='lat' dir='ltr'>sedente,</span> <span class='ocrx_word' id='word_1_318' title='bbox 297 2787 371 2838; x_wconf 87' lang='lat' dir='ltr'>Regina</span> <span class='ocrx_word' id='word_1_319' title='bbox 385 2788 447 2840; x_wconf 85' lang='lat' dir='ltr'>Regni</span> <span class='ocrx_word' id='word_1_320' title='bbox 461 2799 553 2840; x_wconf 87' lang='lat' dir='ltr'>proceres</span> <span class='ocrx_word' id='word_1_321' title='bbox 574 2789 603 2828; x_wconf 87' lang='lat' dir='ltr'>sic</span> <span class='ocrx_word' id='word_1_322' title='bbox 624 2791 720 2842; x_wconf 86' lang='lat' dir='ltr'>alloquuta</span> <span class='ocrx_word' id='word_1_323' title='bbox 735 2796 775 2832; x_wconf 87' lang='lat' dir='ltr'>est:</span> <span class='ocrx_word' id='word_1_324' title='bbox 841 2841 842 2844; x_wconf 11' lang='grc' dir='ltr'><strong>Ἴ</strong></span> 
     </span>
     <span class='ocr_line' id='line_1_39' title="bbox 44 2848 776 2911; baseline 0.02 -25"><span class='ocrx_word' id='word_1_325' title='bbox 44 2848 87 2897; x_wconf 85' lang='lat' dir='ltr'>llle,</span> <span class='ocrx_word' id='word_1_326' title='bbox 103 2861 161 2904; x_wconf 89' lang='lat' dir='ltr'>quem</span> <span class='ocrx_word' id='word_1_327' title='bbox 175 2852 229 2894; x_wconf 83' lang='lat' dir='ltr'>vobis</span> <span class='ocrx_word' id='word_1_328' title='bbox 243 2852 317 2905; x_wconf 83' lang='lat' dir='ltr'>Regem</span> <span class='ocrx_word' id='word_1_329' title='bbox 331 2855 424 2907; x_wconf 85' lang='lat' dir='ltr'>elegistis,</span> <span class='ocrx_word' id='word_1_330' title='bbox 440 2853 626 2910; x_wconf 81' lang='lat' dir='ltr'>euimepropriam</span> <span class='ocrx_word' id='word_1_331' title='bbox 640 2859 726 2907; x_wconf 87' lang='lat' dir='ltr'>dicastis,</span> <span class='ocrx_word' id='word_1_332' title='bbox 740 2873 776 2911; x_wconf 91' lang='lat' dir='ltr'>per</span> 
     </span>
    </p>
   </div>
   <div class='ocr_carea' id='block_1_3' title="bbox 0 0 908 3145">
    <p class='ocr_par' dir='ltr' id='par_1_3' title="bbox 0 0 908 3145">
     <span class='ocr_line' id='line_1_40' title="bbox 0 0 908 3145; baseline 0 0"><span class='ocrx_word' id='word_1_333' title='bbox 0 0 908 3145; x_wconf 95' lang='lat' dir='ltr'> </span> 
     </span>
    </p>
   </div>
  </div>
 </body>
</html>
