1807 3145
370 210 434 245 euocat
445 210 491 244 ntea
678 258 680 263 ,
754 198 798 255 aaa

68 334 137 374 iactus,
152 329 172 366 ct
185 336 255 366 nornen
269 325 346 366 infantis
361 312 434 368 vocavit
443 328 502 375 Noah,
518 325 561 379 quia
573 327 666 367 solaturus
678 329 714 368 crit
724 314 794 367 terram

68 401 112 451 post
125 405 202 434 ornarem
216 394 295 433 ruinam.

107 463 143 509 21)
159 461 212 500 Alter
230 461 287 507 liber,
313 471 370 512 quem
383 462 450 501 Enoch
469 463 546 513 scripsit
559 462 599 502 iilic
620 474 655 501 suo
669 463 793 513 Mathusalae,

68 531 131 574 eriis,
157 528 188 578 qui
201 534 246 578 post
259 541 303 566 euni
317 530 392 568 venturi
407 527 451 569 sunt
465 534 484 568 et
498 531 598 579 puritatem
613 543 687 571 morum
702 531 793 574 seruaturi

68 596 137 638 ultimis
153 593 232 636 diebus:
247 608 293 642 ros,
310 597 340 647 qui
354 596 461 642 laborastis,
476 595 601 636 istisdiebus
617 602 734 649 exspectate,
749 598 794 637 dum

0 718 5 721 υ
68 665 115 706 male
133 663 225 702 iacientes
246 663 340 703 consumti
358 663 437 709 fuerint,
461 668 481 703 et
499 675 576 703 reorum
590 668 673 717 potentia
692 667 794 711 exstinctu

68 735 175 783 exspectate
199 730 244 770 dum
265 737 366 783 peccatum
394 734 502 778 evarinerit3
528 746 571 773 narn
592 723 668 773 nomina
683 746 750 773 corum
764 746 794 773 err-
828 778 830 781 v

67 802 183 850 stinguentnr
198 811 208 837 e
223 800 294 837 sanctis
313 801 377 843 libris,
398 813 465 838 semen
485 812 551 839 eorum
569 801 665 849 perdetur,
684 807 703 840 et
718 801 794 851 spiritus

45 879 134 910 veorum
154 865 263 907 caedentur.
302 868 439 908 lirclamabunt
459 872 477 907 et
495 868 648 908 lamentabuntur·
667 867 686 905 in
705 866 794 911 invisibili

0 966 5 988 a
67 938 152 983 ameno,
168 941 187 975 et
201 937 220 975 iu
233 936 278 988 igne
293 936 394 983 ardebunt,
410 939 441 976 cni
456 938 524 978 humus
539 950 579 977 non
594 935 667 975 subest.
695 935 723 976 lbi
737 935 794 974 etiam

67 1004 120 1056 qrrasi
134 1004 205 1044 nubem
226 1004 358 1050 animadverti,
383 1018 431 1057 qrrae
445 1007 528 1057 perspici
549 1018 588 1044 non
607 1007 690 1054 poterat;
713 1015 757 1042 nam
772 1014 794 1041 ex

67 1071 129 1111 infima
145 1071 186 1120 ejus
201 1076 254 1122 parte
269 1084 308 1111 non
323 1078 397 1122 poterat
411 1075 502 1123 spectari,
524 1073 575 1123 quod
590 1085 645 1123 supra
660 1078 705 1110 orat.
733 1072 794 1109 Flam—

66 1134 116 1177 mam
131 1150 207 1190 quoque
221 1139 258 1179 ridi
278 1139 328 1190 ignis
349 1139 443 1185 ardentis,
469 1144 488 1179 et
507 1140 560 1190 quasi
575 1143 650 1178 montes
665 1138 793 1188 splendentes,

67 1208 141 1257 trrrbine
156 1208 235 1260 agitatos
251 1212 271 1248 et
285 1219 295 1247 a
309 1208 369 1248 latere
383 1208 403 1247 in
417 1207 466 1248 latus
482 1208 589 1259 conjectos.

108 1275 144 1322 22)
159 1277 181 1314 Et
194 1276 308 1326 interrogavi
321 1287 380 1314 ulrum
395 1289 405 1314 e
420 1277 492 1315 sanctis
507 1277 590 1327 angelis,
611 1276 642 1326 qui
656 1285 733 1314 mecum
748 1278 793 1316 crat,

69 1340 147 1381 dicens:
167 1341 213 1392 quid
227 1346 257 1381 cst
271 1342 392 1392 splendidum
405 1343 472 1382 istud?
495 1344 543 1382 Nam
556 1356 595 1381 non
610 1346 640 1381 est
654 1342 740 1385 coelum,
760 1339 795 1378 sed

68 1410 109 1449 sola
126 1409 176 1459 ignis
194 1409 268 1448 flamma
287 1408 350 1455 ardet3
373 1413 392 1448 et
411 1409 439 1459 [in
459 1422 481 1449 ea
501 1410 539 1458 est]
561 1410 632 1449 clamor
653 1407 795 1449 vociferationis

68 1477 149 1523 rioloris,
169 1480 188 1515 et
202 1488 281 1527 magnac
297 1476 410 1517 afflictionis.
498 1465 500 1468 ¹

108 1543 144 1589 23)
160 1543 183 1581 Et
196 1543 306 1592 respondit:
320 1544 371 1588 illuc,
386 1545 405 1581 in
420 1545 484 1581 locum
498 1544 557 1586 illum,
573 1556 630 1593 quem
643 1545 703 1588 vides,
718 1542 796 1592 spiritus

66 1613 189 1659 peccatorum
200 1612 219 1647 ct
226 1607 381 1659 blasphemorum
391 1608 523 1655 detrudentur,
538 1619 605 1648 eorum
615 1609 647 1658 qni
658 1607 707 1647 male
718 1608 795 1651 faciunt,

68 1681 87 1715 et
103 1679 214 1727 pervertunt
233 1676 307 1723 omnia,
330 1687 378 1728 quae
392 1677 444 1717 Deus
462 1689 497 1728 per
516 1676 651 1728 prophetarum
672 1687 705 1715 ora
719 1674 795 1713 locutus

68 1749 105 1788 est,
127 1748 147 1783 ut
162 1756 183 1783 ca
196 1745 287 1783 facerent.
315 1744 363 1783 Narn
378 1745 401 1784 de
416 1746 446 1784 his
466 1744 570 1795 scripturae
585 1748 604 1783 et
623 1743 704 1793 catalogi
719 1741 796 1782 suntin

70 1812 136 1857 coelo,
155 1816 176 1850 ut
190 1811 252 1862 angeli
267 1824 289 1850 ca
303 1810 379 1862 legant,
400 1815 419 1851 ct
432 1812 531 1857 noverint,
552 1811 597 1862 quid
611 1814 723 1852 eventurum
738 1810 763 1847 sit
777 1812 797 1847 et

68 1880 210 1931 peccatoribus,
236 1883 254 1920 et
271 1880 370 1920 humilium
384 1880 493 1932 spiritibus,
519 1880 590 1926 eliis,
614 1878 644 1930 qui
665 1877 797 1917 cruciaverunt

69 1960 144 1987 carnem
158 1958 217 1992 suam,
233 1952 252 1987 et
266 1960 276 1987 a
289 1948 331 1986 Deo
346 1949 450 1998 praemium
465 1952 585 1999 acceperunt,
602 1952 621 1986 et
635 1947 665 1991 iis,
681 1945 713 1995 qui
727 1944 797 1993 injuria

68 2013 130 2052 allecti
150 2019 194 2052 sunt
212 2013 234 2053 ab
255 2014 364 2052 horninibus
383 2015 484 2064 improbis,
511 2015 542 2064 qui
561 2015 624 2052 Deum
642 2017 739 2055 amarunt,
765 2010 797 2060 qni

68 2092 130 2132 ireque
143 2093 188 2121 auro
199 2093 262 2131 neque
273 2085 352 2132 argento
365 2080 423 2120 dediti
437 2083 496 2126 erant,
512 2092 574 2132 neque
588 2080 639 2119 illius
654 2078 718 2119 mundi
732 2077 798 2128 volup·

68 2150 146 2196 tatibus,
165 2148 200 2188 sed
215 2161 296 2200 corpora
311 2161 345 2189 sua
359 2149 459 2189 tormentis
475 2148 578 2195 dederuut,

108 2219 144 2265 21)
159 2216 195 2261 lis,
217 2218 249 2268 qui
264 2229 274 2256 a
287 2222 384 2268 tempore,
405 2230 441 2268 quo
456 2219 495 2257 nati
511 2222 564 2263 sunt,
579 2229 618 2255 non
633 2219 744 2267 appeterunt
757 2217 798 2253 ter-

69 2288 139 2323 restres
154 2285 239 2331 divitias,
259 2285 294 2324 sed
309 2286 456 2325 aestimaverunt
470 2289 532 2324 semet
545 2285 598 2335 ipsos
612 2289 633 2324 ut
648 2284 745 2334 spiritum,
766 2281 798 2331 qni

68 2351 166 2399 praeterit,

107 2419 216 2468 ‘tibiales
232 2432 254 2459 se
265 2425 371 2471 gesserunt,
387 2426 406 2460 et
420 2421 499 2461 multum
514 2431 549 2459 eos
563 2421 643 2460 tentarit
656 2419 760 2466 Dominus;
779 2426 798 2460 et

70 2486 146 2533 spiritns
167 2499 234 2526 eorum
249 2487 319 2527 sinceri
338 2488 410 2527 inventi
429 2492 483 2533 sunt,
504 2492 525 2527 ut
545 2486 645 2527 laudarent
662 2487 703 2537 ejus
722 2501 798 2527 nomen.

70 2549 152 2592 Omnem
167 2565 234 2594 eornm
247 2552 402 2593 benedictionem
423 2553 443 2592 in
463 2553 511 2593 libro
526 2553 591 2600 retuli,
617 2557 636 2592 et
651 2555 746 2603 quomodo
764 2555 798 2593 lile

70 2628 103 2655 eos
112 2621 204 2669 praemiis
219 2621 288 2667 affecit,
303 2632 347 2660 narn
361 2621 432 2661 inventi
441 2625 484 2660 sunt
493 2627 577 2661 amantes
589 2623 679 2662 coelestia
691 2627 710 2660 et
719 2625 798 2660 aeterna

69 2683 117 2733 prae
128 2689 194 2738 spiritu
210 2700 251 2729 suo.
280 2688 339 2740 [Haec
350 2690 403 2730 Deus
415 2688 478 2740 diuiti:
493 2689 538 2730 dum
551 2690 574 2730 ab
588 2690 697 2729 hominibus
706 2689 799 2739 improbis

35 2748 37 2754 ⁴
71 2754 230 2801 opprimebantur,
243 2755 305 2806 jurgia
316 2768 339 2795 ex
348 2758 372 2796 iis
382 2757 512 2809 percipiebant
522 2762 541 2797 ct
548 2757 681 2808 blasphemias,
692 2762 711 2797 et
720 2757 799 2809 ignomi-

70 2815 100 2853 nia
110 2818 246 2867 aificiebantur,
261 2834 293 2861 me
299 2821 430 2864 laudaverunt.
445 2824 468 2864 llt
475 2836 527 2864 nunc
535 2824 608 2864 recubo
618 2825 694 2875 spiritus
704 2825 799 2863 bonorum
