1807 3145
115 187 154 224 290
418 186 481 219 Enochi
493 187 541 219 liber.

115 296 228 352 Παρελθὼν
242 299 264 341 δὲ
278 298 317 341 ἀπὸ
337 305 373 354 τῆς
392 301 502 356 εὐπραγίας
520 303 547 352 irc
562 304 692 358 δυναστείαν,
713 309 746 347 καὶ
765 299 798 349 διαὶ
810 309 845 366 ’τὴν

114 367 233 422 α’παλλαγὴυ
246 374 284 409 τῶν
299 370 419 424 ἀλλοφύλων
429 371 495 425 ἄρξας
503 378 540 413 πῶυ
551 370 650 426 σφετέρων
660 372 750 426 ἑκόντων,
764 376 846 431 τελευτᾷ

111 435 181 490 Ἰούδα
195 442 222 492 τῷ
237 438 368 492 πρεσβυτάτῳ
378 443 415 481 τῶν
425 442 499 481 παίδων
507 439 619 483 καταλιπών
632 439 666 495 τὴν
677 440 746 498 ἀρχήν,
762 443 785 484 dc
794 445 844 487 hello

113 504 205 556 ludaico,
225 508 258 548 lib.
278 509 291 548 l.
313 521 352 563 cap.
367 510 380 550 l.
409 510 458 550 Huic
480 515 618 551 successerunt
636 510 694 551 Judas
712 511 844 564 Maccahaeus,

113 575 216 623 Jonathan‚
245 576 322 624 Simon,
348 578 432 619 loannes
451 580 563 630 Hyrcanos,
587 580 719 627 Aristobulus,
741 583 847 625 Alexander

113 644 219 690 launacum
234 643 291 685 vidua
306 645 347 696 ejus
361 646 478 694 Alexandra,
494 647 627 695 Aristobulus‚
642 646 753 699 llyrcanus,
768 635 855 702 Antigoss

114 726 150 753 nus
166 714 185 753 ei
198 712 293 753 Herodes.

169 783 257 823 Herodes
265 783 310 823 satis
317 783 349 822 diu
357 784 447 836 regnavit,
457 785 534 825 scilicet
542 786 618 836 triginta
626 789 706 836 quatuor
713 779 784 832 annos3
793 786 846 836 eujus

115 856 176 891 aetate
187 850 292 903 etquidem
300 850 340 900 jam
349 852 369 889 in
377 851 432 891 initio
443 852 496 902 regni
507 852 611 892 Herodiani
620 853 693 893 Enochi
703 853 761 892 Liher
770 850 847 904 compo-

117 921 164 961 situs
174 920 254 962 ridetur.
268 921 317 961 Nam
329 921 345 959 ai
355 924 422 960 auctor
432 920 473 970 eJus
484 919 567 961 Herodis
578 932 714 961 successorum
723 911 782 960 finem
791 920 847 962 vidis-

116 994 151 1037 set,
161 1002 200 1030 non
208 988 310 1029 duodecim
316 994 388 1029 tanturn
396 990 470 1030 nativos
477 989 574 1042 principes
581 995 626 1042 post
634 990 723 1042 expulsos
730 990 847 1032 Macedones

117 1062 248 1104 numerasset,
264 1069 327 1109 neque
341 1059 421 1109 pariter,
438 1059 454 1098 si
470 1054 574 1098 coninua
589 1059 706 1100 Maccahaco
722 1065 741 1100 ct
751 1073 790 1114 non
805 1072 848 1100 rum

114 1124 213 1167 Malthatia
228 1137 328 1166 numerum
345 1137 400 1166 suum
413 1125 531 1166 inchoasset.
560 1126 607 1166 Post
621 1127 704 1167 Herodis
718 1126 783 1180 Magni
798 1127 848 1168 enim

117 1196 200 1242 obitum,
220 1195 322 1247 imperium
336 1194 393 1245 hujus
407 1196 459 1246 regis
473 1196 492 1234 in
507 1200 546 1234 tres
560 1200 625 1247 partes
639 1197 665 1235 ita
680 1196 761 1245 divisum
769 1202 814 1242 est,
828 1201 848 1236 ui

116 1261 240 1304 Archelaus¹
264 1263 356 1303 Judaeam
374 1263 450 1315 proprie
472 1263 553 1310 dictam,
577 1262 685 1303 Idumaeam
704 1267 724 1303 et
744 1263 848 1304 Samariam

116 1332 219 1376 obtineret,
234 1331 332 1381 Philippus
348 1331 465 1375 inretitam,
480 1330 617 1377 Trachoniten,
637 1331 745 1370 Paneadcm
760 1336 779 1370 et
792 1332 848 1371 Bata·

114 1412 193 1447 nacam,
209 1405 228 1439 ct
241 1398 329 1438 Herodes
344 1394 424 1450 Antipas
440 1397 543 1438 Galilaeam
558 1411 580 1437 ac
595 1398 691 1438 Peraeam.
719 1398 789 1439 Postea
805 1399 850 1439 dila·

116 1475 201 1510 ceratum
211 1468 294 1509 Herodis
301 1467 365 1520 Magni
373 1479 453 1519 regnum
463 1468 532 1508 iterum
544 1467 666 1519 conjunctum
677 1473 707 1508 est
719 1468 754 1508 suh
765 1469 848 1521 Agrippa

116 1539 165 1578 llinc
181 1539 198 1576 si
212 1550 222 1577 a
237 1536 285 1576 luda
299 1536 416 1577 Maccahaeo
431 1549 531 1576 numerare
546 1537 655 1588 incipimus,
672 1536 780 1587 quindecim
791 1537 847 1577 hahe-

116 1618 191 1651 remus,
212 1618 250 1645 non
269 1605 380 1651 duodecim,
408 1604 615 1656 principesgentilcs.
658 1604 698 1646 Sed
718 1617 784 1647 revera
806 1604 848 1644 libri

116 1680 182 1715 auctor
192 1686 230 1715 non
240 1675 268 1714 sic
279 1686 380 1714 numerare
390 1674 463 1724 potuit;
477 1675 546 1713 namsi
556 1674 593 1712 hoc
607 1673 693 1722 lecisset,
705 1673 849 1727 quatuordecim

116 1748 227 1796 computare
242 1743 329 1789 debehat,
344 1755 383 1783 non
396 1742 509 1788 duodecim,
525 1753 567 1781 cum
579 1742 661 1782 Herodis
672 1747 711 1782 tres
722 1742 760 1789 filii,
776 1741 849 1781 Archo-

115 1811 164 1858 laus,
180 1812 276 1863 Philippus
288 1817 307 1850 et
316 1812 394 1861 Antipas
409 1823 446 1851 una
461 1823 543 1862 regnum
558 1810 649 1856 adierint,
666 1822 702 1861 qua
711 1822 733 1850 re
743 1822 777 1861 pro
788 1809 848 1850 uude·

116 1882 155 1921 cim
170 1879 313 1933 quatuordecim
327 1879 370 1920 lacti
385 1879 472 1921 luissent.
680 1933 682 1936 .

171 1951 224 1991 Haec
241 1950 304 1990 omnia
319 1950 365 1989 mihi
380 1949 457 2002 quidem
472 1948 518 1989 satis
529 1948 662 1989 demonstrare
671 1947 765 1995 ridentur,
780 1946 850 1987 librum

115 2024 202 2058 nostrum
216 2032 289 2070 paucos
303 2019 434 2058 tantummodo
449 2030 509 2058 annos
520 2024 563 2058 ante
574 2019 670 2058 Christum
680 2023 745 2057 natum
757 2018 850 2068 scriptum

118 2084 185 2129 luisse.
214 2088 256 2129 Non
271 2088 303 2127 diu
318 2093 361 2128 aute
376 2088 413 2127 hoc
429 2092 504 2138 tempus
520 2088 650 2153 compositum
663 2098 707 2126 esse
722 2097 791 2137 posse,
814 2084 851 2124 alio

103 2157 205 2212 ejusdem
218 2157 263 2195 loco
279 2156 390 2195 ostenditur.
420 2156 463 2207 Cap.
478 2155 523 2195 LlV.
539 2158 557 2195 9.
574 2154 682 2206 „principes
703 2154 782 2193 orientis
801 2154 850 2193 inter
880 2204 882 2207 7

117 2224 197 2265 Parthos
218 2229 238 2264 ct
258 2223 340 2266 Medos‘¹
360 2228 502 2269 memorantur,
524 2236 593 2276 „reges
613 2224 636 2263 de
657 2224 706 2263 solio
722 2222 817 2272 dejecisse
833 2225 852 2262 ct

116 2292 195 2334 leonum
216 2293 276 2333 instar
289 2304 321 2333 'er
341 2292 449 2345 specubus,
470 2297 489 2332 et
508 2293 558 2332 sicut
577 2292 615 2343 lupi
634 2291 717 2330 famelici
737 2290 812 2329 medios
831 2291 851 2327 in

117 2373 186 2415 greges
200 2360 335 2414 prosiluisse.“
359 2361 416 2413 Atqui
432 2360 495 2402 Parthi
509 2360 584 2413 penitus
604 2360 665 2413 ignoti
680 2359 757 2400 suntin
772 2359 851 2400 historia

117 2440 179 2482 usque
194 2431 218 2471 ad
232 2442 302 2470 annum
317 2430 363 2471 CCL
378 2429 533 2475 antechristum,
550 2427 625 2481 quarrdo
635 2430 709 2469 Arsace
723 2428 772 2469 duce
790 2426 849 2480 (quod

120 2509 221 2537 commune
237 2497 321 2538 omnium
336 2498 457 2551 sequentium
472 2509 539 2548 regum
553 2499 633 2547 nomen)
648 2496 670 2538 ah
685 2496 781 2538 Antiocho
796 2486 851 2538 Theo

164 2719 183 2763 1)
196 2721 269 2755 Audiens
282 2725 346 2760 autem,
365 2718 463 2755 Archelaum
480 2724 497 2755 iu
513 2721 576 2768 iudaea
591 2714 662 2767 regnare
678 2732 707 2767 pro
722 2723 788 2756 Herode
805 2725 852 2766 patre

118 2790 155 2819 suo,
169 2781 222 2811 timuit
234 2778 271 2811 illuc
284 2781 313 2812 irc.
336 2778 408 2812 lllonitus
421 2785 473 2811 nutem
487 2781 585 2818 insomnio,
599 2781 667 2812 secessit
676 2783 691 2811 in
702 2778 851 2822 partesGalilacac.

117 2836 176 2872 hlanh.
187 2833 207 2872 ll.
219 2832 251 2878 22,
269 2833 297 2869 ubi
313 2834 387 2868 llerodcs
399 2834 467 2880 Antipas
479 2836 558 2869 innuitur.
578 2834 615 2869 Vid.
629 2837 668 2872 huc.
680 2836 708 2873 lll.
761 2881 763 2883 ι
