1807 3145
110 215 153 255 308
321 247 324 249 ,
422 206 527 243 Vita'llosis.

109 341 165 367 more
180 326 242 380 gentis
257 329 361 379 sequutae,
375 325 460 378 'inspicit
475 324 529 376 aquis
544 325 660 364 innatantem
670 329 753 371 arcam,
774 326 844 369 adferri

107 398 172 448 Jubet,
194 396 264 449 aperit,
283 407 331 448 puer
349 395 485 447 Aegyptiarum
505 393 564 434 ubera
584 393 655 443 rejicit,
676 394 722 443 (Dei
737 406 774 446 quo
789 402 842 440 matri

109 465 223 507 redderetur
238 464 330 514 consilio)
345 464 411 511 amita,
428 475 476 515 quae
488 462 565 509 aderat,
579 462 652 514 regiam
665 463 759 514 virginem
774 463 797 504 de
812 468 843 509 ad.
894 479 895 482 ¹

110 534 197 575 vocanda
212 532 300 573 Hebraea
314 533 388 572 nutrice
409 532 487 572 monuit.
515 531 577 572 Mater
595 531 682 571 loccbcd
700 544 780 584 puerum
799 533 843 576 due-

109 604 147 643 bus
161 606 181 643 in
196 603 247 641 diem
262 602 357 652 argenteis
372 601 462 640 alendum
477 601 567 651 suscepit.
590 600 671 639 Biennio
685 606 730 650 post
739 601 843 643 Pharaonis

112 671 162 711 tiliae
177 670 259 715 sistitur,
281 669 303 708 ab
324 678 385 719 eaque
395 669 510 720 adoptatur,
526 680 548 709 ac
562 668 641 714 Moses,
660 668 712 719 quod
731 680 775 709 eum
790 672 843 720 aquis

48 771 50 785 ,
112 740 214 785 eduxerat,
229 741 314 778 vocatur.
342 736 414 778 Verum
428 741 482 788 pater
497 736 629 777 eumChabar
642 737 733 784 vocabat,
749 737 792 789 quia
803 738 844 788 ejus

96 815 99 821 ⁴
112 821 169 849 causa
178 819 258 847 uxorem
267 807 336 847 iterum
346 804 382 845 sibi
393 806 505 853 sociaverat,
520 810 580 846 mater
590 805 690 854 Jechotiel,
707 806 750 858 quia
763 805 844 849 lactave-

112 882 147 922 rat,
163 876 220 915 amita
233 873 296 919 iared,
312 873 356 923 quia
370 873 452 923 expositi
467 876 555 913 eventum
571 872 693 913 observatura
706 873 770 913 Nilum
784 885 844 926 prope

114 944 246 988 descenderat,
260 943 324 982 Aaron
339 941 473 987 Abinannach,
489 941 532 992 quia
547 946 624 993 propter
639 952 682 981 cum
697 942 775 982 Amram
789 940 845 984 loce·

112 1014 151 1054 bed
166 1011 273 1055 advocarit,
289 1021 346 1060 quam
361 1009 466 1056 dimiserat,
482 1009 543 1049 llehat
557 1009 661 1061 Abigedur,
678 1012 722 1061 quia
735 1010 788 1050 Deus
804 1011 844 1061 ejus

114 1094 160 1132 ergo
180 1083 277 1130 rupturam
298 1078 376 1123 clausit,
394 1072 434 1117 'nec
456 1077 480 1117 de
494 1077 619 1128 projiciendis
639 1078 658 1116 in
672 1078 736 1127 Nilum
750 1077 844 1118 Hebraeis

114 1149 194 1198 amplius
205 1152 286 1186 cautum.
315 1145 381 1184 Nutrix
392 1146 484 1190 Abisuco,
500 1146 543 1195 quia
557 1146 611 1183 illum
625 1147 644 1183 in
663 1147 738 1197 tugurio
753 1139 807 1184 Deus
823 1148 844 1186 ab

113 1215 252 1268 Aegyptiorum
275 1214 315 1254 rixa
335 1213 433 1253 occultum
458 1217 571 1254 servaverat.
609 1213 634 1253 At
655 1212 752 1254 israelitae
776 1215 846 1256 caeleri
875 1263 877 1266 ι

115 1284 217 1324 Schemaia
231 1282 290 1323 filium
304 1281 408 1322 Nathanaei
423 1280 555 1331 appellabant,
577 1281 620 1332 quia
635 1282 654 1320 in
670 1282 737 1322 diebus
752 1281 794 1331 ejus
810 1284 847 1323 cla-

114 1365 179 1394 mores
197 1353 273 1391 illorum
294 1350 382 1389 dominus
402 1348 504 1389 audiverat.
533 1349 610 1388 Tertius
625 1361 635 1388 a
650 1355 693 1389 nato
708 1350 764 1391 lllose
787 1361 846 1390 annus

114 1421 200 1466 fluxerat,
215 1419 288 1460 Pharao
304 1417 413 1458 convivium
427 1415 536 1468 praebebat,
552 1428 599 1456 uxor
614 1416 704 1465 dextram,
719 1418 792 1460 laevam
804 1431 847 1459 cum

114 1489 171 1531 Mose
185 1486 224 1528 filia
237 1486 308 1532 tenuit,
329 1497 421 1537 proceres
437 1489 480 1525 aute
494 1496 560 1537 regem
580 1485 649 1525 sedere
662 1485 717 1536 jussi.
745 1486 813 1528 Moses
827 1488 846 1527 in

116 1557 201 1597 omnium
216 1555 276 1595 oculis
291 1554 383 1595 sublatam
398 1566 408 1595 a
421 1554 525 1595 Pharaonis
541 1555 602 1607 capite
622 1567 712 1596 coronam
732 1568 767 1596 sua
787 1556 847 1609 impo-

117 1627 160 1665 suit.
188 1625 346 1674 Balaammagus
361 1623 450 1673 idemque
465 1623 529 1673 regius
544 1624 648 1662 Eunuchus
668 1625 789 1674 stupentibus
810 1635 851 1663 cae·

67 1744 69 1746 ,
116 1694 175 1739 teris,
194 1691 278 1731 Domine
297 1702 338 1737 rex,
359 1690 431 1742 inquit,
451 1702 522 1730 revoca
535 1691 554 1729 in
569 1691 680 1745 memoriam
695 1693 791 1731 somnium
805 1691 852 1731 illud

116 1766 182 1806 tuum,
198 1758 253 1809 cujus
269 1760 315 1798 olim
328 1759 506 1809 interpretationem
520 1763 539 1798 te
554 1759 620 1806 docui,
635 1761 700 1799 nescis
715 1761 765 1798 hunc
774 1758 851 1799 ludaeis

118 1827 234 1871 oriundum,
248 1838 327 1878 prorsus
342 1827 362 1865 in
376 1826 410 1866 illo
426 1827 504 1878 spiritus
518 1827 555 1867 Dei
569 1832 610 1874 est,
632 1829 721 1881 quodque
735 1840 787 1868 nunc
800 1828 851 1872 fecit,

116 1900 179 1936 astute
192 1894 334 1946 prudenterque
348 1896 419 1934 facturn
432 1900 490 1946 puta,
507 1895 523 1933 si
538 1897 646 1947 Aegyptum
666 1896 726 1936 deleri
744 1910 783 1935 nen
798 1897 850 1944 sinis,

118 1963 180 2015 capite
189 1961 302 2013 plectendus
317 1966 357 2009 est;
370 1961 442 2013 placuit
457 1961 565 2001 consilium.
595 1962 700 2003 Confestim
712 1964 765 2004 Deras
776 1963 853 2004 Gabrie-

117 2032 156 2072 lem
165 2031 260 2083 Angelum
269 2031 328 2077 misit,
345 2031 376 2081 qui
391 2035 480 2081 suscepta
494 2030 586 2082 principis
600 2032 635 2072 viri
649 2045 732 2083 persona
746 2045 812 2084 regem
825 2034 853 2072 sic

119 2086 210 2140 adoravit:
234 2111 271 2151 ego
285 2100 383 2138 insontem
393 2099 471 2138 minime
482 2098 612 2139 damnandum
623 2113 705 2148 censeo,
721 2102 852 2142 multominus

118 2179 199 2219 puerum
212 2166 281 2216 judicii
295 2171 398 2216 expertem.
426 2167 498 2208 Verum
518 2169 568 2219 agite
591 2179 651 2219 puero
672 2181 766 2221 gemmam
781 2174 800 2209 et
815 2183 854 2210 car·
891 2189 893 2192 f

119 2234 191 2273 bouem
211 2244 350 2284 proponamus,
374 2234 391 2271 si
406 2233 510 2272 carbonem
526 2235 622 2286 clegerit,
643 2237 721 2286 puerilis
736 2237 853 2288 ignorantiae

116 2301 211 2354 judicium
232 2301 277 2348 crit,
299 2306 317 2341 at
338 2301 354 2341 si
373 2313 467 2353 gemmam
490 2303 572 2354 ceperit,
596 2303 714 2345 damnandus
736 2310 770 2346 est.
799 2306 854 2346 Nulla

119 2384 183 2418 mora,
199 2377 218 2411 et
232 2382 307 2421 gemma
322 2374 341 2409 ct
356 2371 414 2410 carbo
429 2371 484 2421 pueri
500 2372 561 2411 oculis
572 2372 703 2422 subjiciuntur.
726 2374 793 2415 Moses
804 2388 855 2426 gem-

120 2452 171 2479 mam
186 2440 259 2478 auferre
274 2438 361 2489 parabat,
377 2438 413 2479 sed
428 2443 517 2478 coactam
532 2440 574 2490 cJ'us
589 2453 666 2481 manum
675 2443 761 2494 Angelus
776 2442 855 2482 carboni

121 2506 224 2556 imposuit,
242 2508 354 2556 raptumque
370 2507 399 2546 ori
412 2506 485 2553 intulit,
501 2507 558 2546 etiam
573 2513 677 2549 extremam
691 2510 768 2561 linguae
782 2509 855 2561 partein

122 2572 206 2620 adussit,
222 2571 273 2610 unde
287 2578 356 2623 postea
369 2574 489 2627 tardiloquus
505 2576 575 2621 evasit,
592 2576 634 2628 ipse
649 2590 682 2618 ore
696 2578 799 2630 linguaque
814 2591 855 2631 gra-

121 2655 165 2685 vem
180 2654 201 2682 se
215 2640 275 2681 fuisse
289 2644 374 2681 testatur.
402 2643 449 2683 Exin
464 2656 530 2697 regem
545 2649 564 2685 et
583 2656 674 2697 proceres
690 2647 780 2689 adversus
795 2647 855 2689 lsrae-

122 2711 166 2750 lilas
182 2712 293 2748 crescentes
309 2710 363 2748 anxie
377 2711 436 2749 multa
450 2713 520 2750 moliri.
549 2713 620 2764 Regina
635 2727 701 2766 regem
722 2716 794 2756 conditi
806 2716 855 2766 Juris

123 2776 259 2827 condendique
273 2777 427 2827 potentissimum
445 2778 581 2830 pertendebat,
601 2781 642 2831 eJ'us
657 2785 738 2835 Aegypti
753 2786 816 2825 selum
830 2786 856 2827 vi-

123 2846 177 2894 deri,
192 2846 264 2897 itaque,
279 2845 306 2886 uti
320 2856 377 2897 agere
391 2847 441 2888 terre
455 2847 541 2897 voluerit,
553 2849 586 2900 jus
596 2850 663 2902 fasque
673 2864 723 2892 esse.
747 2855 772 2895 At
780 2854 855 2896 Balaam
