1807 3145
304 182 330 217 lat.
343 180 396 215 editus
408 191 418 214 a
430 179 478 215 Rich.
491 179 580 214 Lorarcrrce.
773 186 811 223 149

79 298 137 340 litatis
153 302 172 338 et
186 297 307 338 innocentiae
323 296 373 336 'suae
395 296 497 336 securitate
511 297 615 347 potiantur,
638 308 674 334 nec
690 297 809 348 quibusdam,

80 367 129 405 sicut
142 366 335 416 impiorumanimae,
351 364 447 404 erroribus
462 368 481 403 et
495 364 669 415 perturbationibus
682 365 810 416 implicentur,

63 450 65 455 r
80 437 136 485 atque
150 433 238 474 vitiorum
260 443 339 472 suorum
353 424 448 471 memoria
466 435 591 482 torqueantur
606 437 625 471 et
639 432 757 482 exagitentur
771 434 811 483 qui-

80 499 162 540 busdam
177 510 265 539 curarum
280 498 370 538 aestibus.
386 497 459 542 Tertio,
475 498 526 549 quod
540 503 626 538 servatae
636 512 647 538 a
657 511 679 538 sc
689 499 736 549 legis
746 499 810 539 divino

80 568 192 607 testimonio
211 567 327 611 iniciuntur,
355 569 376 604 ut
395 563 586 617 factorumfsuorum
605 567 700 606 incertum
721 572 810 618 supremo

79 633 153 685 judicio
168 647 207 674 non
217 639 317 675 vereantur
330 637 424 673 eventum.
449 631 526 686 Quarto,
542 634 586 685 quia
600 633 692 686 incipiunt
704 634 811 685 intelligere

81 704 167 753 requiem
182 714 236 742 suam
250 706 270 741 et
282 703 363 741 futuram
378 701 408 740 sui
423 700 502 751 gloriam
514 701 637 757 praevidere,
653 704 719 754 eaque
728 715 750 742 se
765 714 811 741 con-

81 771 176 811 solatione
188 771 305 816 mulcentes,
320 769 340 809 in
354 768 468 809 habitaculis
483 771 523 820 suis
536 757 662 822 cummagno
677 771 811 822 tranquillitate

79 840 211 890 requiescent,
232 839 312 890 stipatae
325 837 427 889 praesidiis
442 838 559 889 angelornm.
588 837 671 885 Quintus
686 843 749 879 autem
764 837 811 877 ordo
867 892 869 894 ‚

79 906 199 967 exultationis
213 905 321 945 uberrimae
340 905 398 944 hahet
412 906 534 953 suavitatem,
561 906 613 956 quod
628 918 651 946 eu
665 907 702 945 hoc
718 906 811 956 corrupti-

78 974 129 1015 bilis*
146 974 232 1025 corporis
256 984 335 1013 carcere
359 973 378 1011 in
399 972 462 1012 lucem
483 973 628 1025 libertatemque
650 974 772 1026 pervenerint
793 978 812 1013 et

79 1042 218 1094 repromissam
238 1040 275 1080 sibi
293 1038 407 1090 possideant
420 1039 556 1080 haereditatem
570 1070 574 1078 .
590 1070 593 1079 .
610 1069 634 1079 ..
654 1042 742 1093 Denique
757 1046 811 1082 seno
844 1031 849 1035 ι

80 1109 147 1150 ordine
162 1107 323 1149 demonstrabitur
336 1107 371 1154 iis,
394 1107 445 1158 quod
465 1108 531 1148 vultusv
542 1120 607 1148 earum
621 1110 671 1149 sicut
690 1110 720 1149 sol
733 1111 811 1162 incipiet

80 1176 186 1227 refulgere,
211 1180 231 1215 et
250 1175 348 1214 stellarum
361 1175 465 1214 luminibus
485 1176 601 1225 comparari;
619 1178 656 1231 'qui
673 1182 737 1226 tamen
749 1178 811 1228 fulgor

80 1256 145 1282 earum
159 1241 288 1292 corruptelam
299 1240 340 1290 jam
354 1241 425 1281 sentire
443 1253 482 1281 non
496 1242 563 1292 possit.
593 1241 688 1295 Septimus
703 1256 749 1285 vero
764 1244 811 1284 ordo

79 1311 96 1350 is
111 1310 153 1356 erit,
168 1314 189 1349 ut
204 1300 289 1348 exultent
298 1319 343 1346 cum
354 1308 429 1353 fiducia,
444 1313 464 1348 et
477 1310 519 1348 sine
529 1310 565 1349 ulla
576 1311 698 1352 eurrctatione
709 1311 810 1357 confidant,

80 1381 99 1417 et
113 1377 155 1416 sine
175 1376 303 1428 trepidatione
323 1375 428 1421 laetentur,
451 1376 564 1416 festinantes
582 1378 655 1417 vultum
676 1378 719 1429 ejus
739 1379 811 1424 videre,

80 1445 111 1484 cui
126 1443 205 1483 sedulae
220 1442 315 1484 servitutis
330 1441 424 1494 obsequia
438 1441 557 1490 necuter-unta
567 1444 595 1485 'de
610 1456 648 1495 quo
662 1435 751 1486 innoxiae
765 1458 811 1485 con-

80 1511 172 1552 scientiae
190 1510 324 1552 recordatione
345 1511 469 1561 praesumant
487 1505 591 1562 gloriosam
610 1512 721 1566 mercedem
740 1513 810 1553 laboris

80 1581 153 1630 exigui,
182 1591 238 1631 quam
256 1579 370 1629 incipientes
394 1577 481 1629 recipere
503 1572 634 1631 cognoverunt
655 1580 743 1634 indignas
765 1594 810 1622 esse

79 1647 136 1697 hujus
150 1647 243 1698 temporis
257 1646 371 1698 passiones,
392 1644 460 1696 quihus
474 1647 632 1686 remunerationis
647 1653 735 1688 aeternae
750 1650 811 1700 gloria

79 1717 131 1755 tanta
139 1715 236 1756 referatur.
251 1714 287 1754 llio
299 1712 352 1759 ordo,
366 1712 458 1764 inquit,
474 1713 584 1760 animarum,
597 1726 646 1766 quae
656 1719 701 1758 sunt
708 1714 810 1765 justorum,

82 1793 129 1833 quas
144 1782 332 1824 etiamsimmortales
347 1793 386 1820 non
401 1780 493 1820 dubitavit
502 1780 566 1822 dicere
580 1782 600 1822 in
615 1782 680 1834 quinto
695 1782 773 1830 ordine;
788 1797 811 1825 eo

80 1848 132 1898 quod
147 1851 238 1901 spatium,
252 1850 345 1900 inquit,
360 1848 453 1898 incipiunt
463 1850 550 1898 recipere
561 1851 647 1889 fruentes
660 1854 679 1889 et
688 1851 811 1892 immortales.

80 1915 134 1955 Haec
148 1922 188 1962 est,
210 1917 303 1967 inquit,
326 1916 403 1965 requies
419 1914 523 1953 animarum
536 1927 572 1965 per
585 1921 681 1967 septem
697 1917 811 1967 ordines,

81 1987 101 2023 et
120 1983 194 2036 futurae
213 1982 284 2035 gloriae
302 1982 363 2034 prima
381 1980 498 2032 perfunctio,
522 1982 633 2033 priusquam
646 1985 666 2023 in
686 1985 726 2023 suis
740 1986 813 2026 habita-

80 2050 259 2102 tionibus'quietae
280 2050 434 2102 congregationis
441 2045 532 2089 “munere
549 2051 674 2101 perfruantur.
702 2051 758 2093 Unde
777 2055 814 2094 ait

81 2118 208 2171 Propheta
222 2118 246 2158 ad
261 2114 358 2170 angelum:
381 2117 443 2168 „Ergo
459 2116 533 2157 dabitur
546 2122 622 2170 tempus
637 2120 747 2167 animarum,
762 2128 814 2172 post-

82 2198 139 2236 quam
159 2191 257 2237 separatae
274 2187 345 2227 fuerint
363 2185 387 2225 de
402 2180 493 2236 corpore,
517 2190 538 2226 ut
551 2186 638 2234 videant,
664 2187 688 2228 de
703 2200 740 2240 quo
755 2190 813 2231 modo

82 2251 177 2294 diristi‘l“
199 2255 223 2295 Et
237 2253 283 2293 dixit
297 2253 386 2305 angelus:
402 2252 495 2303 „Septem
509 2253 551 2293 dies
566 2256 602 2294 erit
615 2255 693 2294 libertas
708 2269 779 2303 earnm,
794 2263 823 2296 nt¹

82 2320 159 2362 videant
171 2322 191 2362 in
206 2326 281 2373 septem
295 2320 369 2366 diebus,
384 2320 417 2372 qui
426 2319 518 2371 praedicti
530 2325 574 2368 sunt
587 2333 694 2360 sermones.
714 2325 738 2364 Et
746 2327 815 2376 postea

86 2389 251 2441 congregabuntur
265 2389 285 2427 in
298 2388 412 2427 habitaculis
426 2387 486 2426 suisa
516 2387 561 2437 Gap.
575 2387 610 2432 Xl,
624 2399 642 2438 p.
657 2392 704 2429 4119.

139 2457 194 2505 Quae
211 2457 269 2499 verba
288 2456 305 2496 si
324 2467 368 2495 curn
384 2455 420 2500 iis,
447 2465 496 2505 quae
516 2457 565 2496 inter
586 2467 654 2496 versus
676 2451 816 2505 sexagesimum

84 2527 172 2572 quartum
186 2529 205 2565 et
219 2522 381 2582 septuagesimum
395 2523 498 2575 septimum
512 2523 561 2563 serti
575 2524 649 2575 capitis,
663 2527 720 2575 prout
733 2523 753 2561 in
768 2522 816 2560 solis

84 2591 231 2643 aethiopicasct
249 2592 324 2631 arabica
337 2591 457 2632 versionibus
479 2593 578 2642 superest,
606 2592 737 2640 continentur,
764 2601 817 2628 com-

84 2658 190 2705 paraveris,
207 2663 251 2698 'non
265 2659 346 2709 amplius
361 2658 456 2699 dubitabis
471 2658 495 2698 de
510 2671 576 2699 eorum
589 2660 647 2698 fonte.
677 2658 756 2709 Septem
770 2657 818 2697 clas-

85 2722 134 2764 sium
148 2727 189 2766 sive
204 2727 295 2780 graduum
309 2726 458 2774 consolationis,
480 2726 533 2778 justo
552 2727 692 2779 contingentis,
713 2726 818 2779 descriptio

66 2805 69 2808 ¹
86 2800 178 2845 summam
193 2793 337 2858 oonrpreheudit
346 2795 528 2841 illorumversuum,
544 2799 562 2836 et
573 2795 677 2848 prophetae
690 2806 733 2836 cum
749 2794 817 2846 angelo
