1807 3145
133 193 173 234 366
305 195 307 197 ’
435 189 474 224 Vita
485 188 558 224 Illerlini.

133 306 225 345 Astaham
239 317 319 356 campo,
335 304 496 356 decertabantque
511 309 608 350 catervae,

96 377 98 379 ’
133 374 237 415 aimborum
251 375 321 426 pariter
335 374 443 415 miseranda
458 373 517 414 caede
531 377 615 415 ruentes.

133 443 214 484 Venerat
229 442 253 483 ad
266 442 338 484 bellum
351 443 443 485 Merlinus
459 453 503 482 curn
517 433 627 488 Pereduro,

131 513 171 552 Rex
185 500 262 565 quoque
277 512 402 553 Gumbrorum
415 509 422 534 1
435 511 546 558 Rodarcus3
561 521 629 551 saevus
644 514 730 561 uterque.

133 579 219 620 cretum
233 580 332 619 obstantes
346 582 413 622 invisis
429 581 507 619 ensibus
521 580 598 623 hostes,

131 648 219 700 Tresque
231 646 286 687 ducis
299 647 375 695 iratres,
389 649 467 688 fratrem
481 660 517 699 per
531 646 582 687 bella
597 645 664 692 secuti,

131 716 196 769 Usque
210 715 325 758 rebellantes
341 715 431 763 caedunt,
446 716 581 767 perimuntque
594 715 710 766 phalanges;

130 788 177 831 Inde
190 797 225 836 per
239 783 317 825 infestas
333 796 378 825 cum
392 784 426 825 tali
440 777 520 825 munere
534 789 607 824 turmas
634 796 636 800 ’

131 853 205 895 Acriter
217 852 322 896 irruerant,
336 851 404 890 subito
415 840 504 890 cecidere
517 851 617 902 perempti,

131 922 174 963 Hoc
188 923 240 968 viso,
255 919 346 965 Merline',
361 919 429 968 doles,⁴
441 919 544 972 tristesque
558 930 593 971 per
608 930 677 970 agmen

132 991 251 1031 Commisces
265 990 364 1041 planctus,
379 988 412 1028 lali
427 1000 503 1039 quaque
518 991 567 1029 voce
580 987 676 1039 remugis:

132 1059 219 1110 „Ergone
234 1058 263 1098 sic
276 1058 338 1109 potuit
351 1068 394 1096 sors
408 1057 515 1107 importuna
529 1068 611 1101 nocere,

130 1127 155 1168 Ut
168 1128 214 1167 milri
228 1126 332 1177 surriperet
345 1123 411 1164 tantos
424 1124 511 1175 talesque
525 1122 611 1168 sodales,

132 1194 186 1242 Quos
200 1194 259 1235 modo
273 1197 384 1244 terrogas,
398 1196 428 1231 tot
441 1203 500 1243 regna
514 1181 588 1230 remota
602 1189 709 1230 timebant?

131 1263 148 1302 Ο
164 1262 232 1303 dubios
246 1261 344 1302 bominum
358 1260 425 1300 casus!
439 1264 561 1311 mortemque
574 1258 711 1311 propinquam!

131 1328 186 1375 Quae
199 1340 259 1380 penes
274 1333 305 1367 est
317 1327 368 1366 illos'
376 1339 463 1377 semper,
478 1327 594 1378 stimuloque
607 1327 675 1365 latenti

130 1396 224 1442 Perculit,
240 1400 259 1435 et
272 1393 362 1434 miseram
375 1393 430 1445 pellit
443 1392 564 1445 decerpere
578 1393 644 1434 vitam!

131 1465 147 1506 0
160 1464 245 1516 juvenile
259 1462 328 1504 decus!
343 1460 405 1515 quis²
418 1461 469 1501 nunc
484 1452 553 1502 astabit
566 1462 586 1509 in
601 1462 660 1501 armis
705 1465 707 1469 ⁴

129 1527 184 1567 Nunc
198 1533 245 1569 milri
258 1542 309 1581 pone
323 1531 382 1576 latus,
397 1533 511 1581 mecumque
525 1530 606 1581 repellet
621 1535 688 1570 euntes

129 1594 150 1632 In
164 1605 208 1633 mea
221 1598 289 1633 damna
303 1598 373 1640 duces,
388 1597 561 1646 incumbentesque
577 1597 679 1638 catervas?

128 1660 217 1701 nudares
229 1661 322 1711 juvenes!
334 1661 391 1701 ‘vobis
405 1661 484 1702 audacia
499 1663 562 1704 vestra

112 1723 114 1727 ’
127 1729 200 1781 Eripuit
214 1729 281 1770 dulces
296 1730 370 1770 animos
385 1729 501 1783 dulcemque
513 1731 618 1782 juventam.

129 1797 167 1845 Qui
181 1797 239 1838 modo
253 1809 288 1849 per
302 1809 375 1839 cuneos
390 1789 527 1841 discurrebatis
540 1802 560 1840 in
576 1800 645 1848 armis,

129 1865 271 1916 Obstantesque
285 1867 337 1905 viros
350 1868 502 1916 prosternebatis
517 1869 600 1920 ubique,

127 1932 182 1972 Nunc
196 1932 275 1985 pulsatis
290 1933 378 1980 humum,
393 1935 493 1988 iubeoque
507 1932 578 1978 cruore
592 1937 690 1978 rubetisl“

129 2002 161 2042 Sic
174 2003 225 2043 inter
238 2004 310 2041 turmas
324 2001 409 2042 lacrimis
424 2003 526 2056 plangebat
541 2005 620 2053 obortis,

127 2071 252 2124 Dellebatque
266 2070 329 2117 viros;
338 2066 380 2111 'nec
394 2076 472 2112 cessant
485 2069 557 2125 praelia
573 2073 624 2114 dira:

128 2141 248 2180 Concurrunt
261 2138 323 2185 acies,
338 2144 449 2180 sternuntur
462 2140 485 2181 ab
496 2139 588 2182 hostibus·
603 2142 682 2183 hostes:

128 2207 211 2259 Sanguis
224 2207 295 2257 ubique
309 2205 359 2246 lluit:
372 2205 455 2259 populi³
469 2210 575 2250 moriuntur
589 2211 684 2263 utrinque.

127 2277 152 2316 At
165 2275 243 2315 tandem
256 2274 345 2315 Britones
359 2274 452 2315 revocatis
467 2275 551 2328 undique
564 2278 632 2318 turmis

128 2344 248 2384 Conveniunt
260 2343 339 2394 pariter,
353 2343 462 2395 pariterque
476 2358 512 2396 per
526 2358 579 2386 arma
592 2352 671 2388 ruentes
743 2353 745 2356 ’
812 2352 813 2355 ’

126 2411 314 2458 inveterationem,
329 2416 452 2463 prosternunt
466 2414 544 2456 vulnera
558 2414 635 2464 dantes;

127 2478 168 2518 Nec
182 2481 326 2531 requieverunt,
341 2480 405 2521 donec
418 2493 452 2523 sua
466 2488 520 2535 terga
535 2484 629 2526 dederunt

125 2546 212 2587 Hostiles
226 2551 310 2593 curmae,
325 2559 359 2598 per
374 2544 428 2590 devia
443 2550 572 2603 diffugientes.

171 2707 190 2749 1)
203 2708 230 2743 Sic
247 2708 336 2754 legendum
354 2721 364 2744 e
380 2711 476 2746 codicibus:
493 2714 526 2747 nisi
540 2715 584 2759 quod
599 2716 661 2751 habent
676 2719 705 2753 alii
719 2718 857 2764 Cambonum,

126 2763 146 2811 2)
162 2764 219 2799 Vetus
230 2767 283 2799 codex
297 2768 360 2801 babent
376 2770 424 2813 qui,
446 2774 463 2802 et
480 2781 518 2805 mox
537 2778 668 2844 metumque.
696 2774 715 2819 3)
737 2775 788 2812 Vetus
805 2779 858 2812 codex

125 2812 185 2855 bibet.
197 2819 299 2866 plurimi,
312 2823 365 2857 invito
376 2829 434 2859 metro
