1758 3137
71 173 96 209 34
340 166 417 197 hoccasio
430 164 481 197 Isaiae
494 166 536 198 avaria

71 284 91 322 ln
102 283 168 322 littoris
180 282 230 320 enim
241 279 264 320 ad
274 281 383 320 Africanum
394 281 442 321 dalis
454 281 520 327 refert,
531 280 614 321 ludaeos
626 268 750 324 consuevisse
761 295 800 322 om-

72 354 112 397 nia,
128 362 176 400 quac
191 350 214 389 ad
229 350 349 389 accusandos
363 352 448 400 ipsorum
462 350 592 401 presbyteros,
609 351 706 400 principes
721 355 739 390 et
751 350 801 399 jndi-

73 431 105 458 ces
124 418 217 462 facerent,
243 428 299 467 qnam
316 417 396 456 maxime
418 428 441 454 ex
461 416 526 467 populi
544 416 611 455 notitia
619 429 735 463 removere,
755 429 801 468 qno-

71 499 112 527 rnm
126 490 189 526 tamen
204 484 297 535 quaedam
316 485 401 524 inlibris
418 486 532 535 apocryphis
548 489 567 525 et
581 486 660 525 secretis
676 496 801 526 conservave-

71 555 123 605 rint„
153 553 211 603 Cujus
229 554 256 592 rei
276 553 383 603 exemplum
397 552 455 591 refert
468 552 528 592 lsaiae
542 552 649 598 historiam,
672 552 801 593 confirmatam

72 622 181 661 testimonio
203 621 354 674 (μαριυρεμενα)
374 621 456 659 auctoris
479 621 571 672 epistolae
587 621 610 659 acl
624 622 722 661 Hebraeos
737 622 801 672 (Hehr.

72 688 107 734 Xl,
128 687 170 735 37),
191 688 273 735 adolens,
294 688 363 727 famam
381 688 446 733 istam,
468 687 574 727 secundum
588 700 645 738 quam
659 701 711 728 serra
726 693 802 729 secatus

70 757 106 802 sit,
132 767 154 795 er
175 756 276 796 traditione
297 756 374 795 relatam
397 760 416 795 et
439 756 460 794 in
479 755 565 807 quodam
579 755 626 796 libro
642 757 749 808 apocrypho
764 751 803 795 col-

72 826 156 863 locatam
171 834 225 871 esse,
241 835 298 874 quem
312 822 378 861 ludaei
392 822 466 867 forsan,
482 827 502 860 nt
515 823 615 861 universae
629 823 732 862 narrationi
746 822 804 875 fidem

73 892 219 934 imminuerent,
243 889 267 928 de
286 888 378 928 industria
398 889 516 938 corruperint
535 892 554 927 et
567 888 677 940 incongruis
690 888 804 929 lectionibus

73 946 237 1010 interpolaverint:
257 957 327 1010 Σαφές
347 955 362 996 δ’
384 958 415 997 ὅτι
436 960 457 997 αἱ
474 954 598 1010 παραδόσεις
612 956 679 1010 lipom
692 960 804 1010 πεπρίσθαι

71 1026 153 1067 Ἠσαίαν
168 1023 200 1065 τὸν
214 1022 321 1079 προφήτην·
337 1027 370 1064 καί
384 1024 403 1064 ἐν
417 1027 454 1065 τινί
468 1022 576 1078 οίποιιρύφφ
590 1028 635 1066 raico
651 1023 742 1081 φέρεπαι·
757 1027 804 1077 ὅπερ

73 1095 126 1148 τάχα
145 1094 234 1145 ἐπίτηδες
257 1091 296 1132 ὑπὸ
314 1092 400 1131 Ἰεδαίων
424 1091 588 1145 ῥερηιδιερνηται,
612 1092 677 1140 λέξεις
696 1091 751 1141 τινὰς
768 1091 806 1141 τὰς

73 1159 98 1214 μὴ
113 1157 215 1214 πρεπέσας
228 1156 416 1213 παρεμβεβληκότων
431 1159 455 1212 ιη
475 1161 553 1211 γραφῇ,
576 1156 596 1197 ἶν’
611 1157 623 1211 ἡ
644 1159 680 1211 δίη
695 1153 804 1212 clm-saphat*

130 1230 215 1269 Similem
230 1228 316 1278 ejnsrlem
330 1228 372 1267 libri
390 1227 514 1278 alencionem·
528 1226 573 1265 facit
585 1227 604 1264 in
619 1229 755 1267 commentario
770 1240 805 1267 suo

74 1311 132 1350 snper
145 1298 260 1338 Matthaenm
275 1298 355 1347 scripto,
380 1295 495 1340 ostendens,
517 1300 537 1334 ut
551 1295 628 1345 opinor,
651 1297 686 1336 etsi
700 1297 747 1336 libro
763 1309 806 1348 apo-

74 1367 146 1419 crypho
161 1367 184 1406 de
199 1371 260 1407 morte
274 1366 343 1410 Isaiae,
360 1377 415 1416 qnam
430 1368 535 1408 memoret.
550 1363 598 1403 iides
613 1378 651 1404 non
666 1366 761 1412 habeatnr,
775 1367 807 1406 ha-

73 1436 157 1475 bendam
169 1441 234 1474 tamen
255 1447 299 1474 esse
320 1437 401 1484 propter
425 1433 555 1471 testimonium
575 1432 598 1470 ab
619 1434 712 1483 epistolae
733 1434 756 1473 ad
770 1435 807 1473 lle-

74 1505 144 1554 hraeos
168 1503 249 1553 scriptae
273 1507 350 1542 anctore
375 1501 398 1540 [le
426 1512 484 1552 opero
507 1500 540 1539 illo
565 1499 646 1547 editum,
671 1501 739 1541 eodem
758 1501 807 1552 jore,

77 1557 121 1622 qno
133 1570 235 1609 narrationi
255 1569 279 1608 de
294 1569 397 1608 Zachariae
413 1572 477 1606 nrorte
493 1568 532 1617 (qni
545 1568 595 1606 inter
612 1569 703 1618 templum
718 1571 808 1609 etaltera

77 1651 145 1681 caesus
167 1650 211 1679 esse
232 1636 306 1686 dicitur)
328 1636 376 1676 fides
395 1636 486 1676 habeatur
509 1639 586 1687 propter
606 1635 665 1687 ipsins
687 1635 807 1676 Redemtoris

76 1708 211 1752 testimoninm,
232 1706 262 1745 alii
282 1705 357 1744 cuidam
375 1705 422 1743 libro
438 1702 547 1753 apocrypho
568 1708 608 1741 tum
630 1704 718 1742 existenti
733 1704 807 1743 datum:

72 1778 97 1816 m
117 1772 138 1814 δέ
156 1788 186 1821 τις
207 1772 231 1812 οὐ
251 1774 357 1825 προσίεται
375 1769 409 1822 τὴν
429 1772 503 1822 ἱεορίαν
524 1766 558 1808 διὰ
576 1766 598 1808 τὸ
618 1770 637 1809 ἐν
655 1772 683 1821 τῷ
702 1770 809 1823 ἀποκρύφῳ

74 1844 148 1893 Ἠσαίᾳ
168 1837 229 1893 αὐτὴν
252 1839 366 1894 φέρεσθαι,
388 1834 500 1878 πιεευσοίτα
519 1840 561 1885 τοῖς
580 1836 599 1875 ἐν
613 1839 636 1891 πη
655 1835 705 1890 πρὸς
720 1837 811 1892 Ἐβραίες

77 1911 128 1950 οὔπω
142 1905 293 1961 γεγραμμένοις·
315 1904 474 1958 ἐλιθάσθησαν,
495 1904 633 1957 ἐπρίσθησαν,
652 1903 810 1959 ἐπειράσθησαν

77 1975 99 2019 τὸ
114 1974 153 2031 γὰρ
168 1975 307 2030 ἐπρίσθησαν,
325 1974 356 2015 ἐπί
369 1970 402 2013 τὸν
414 1970 498 2013 Ἠσαίαν
513 1967 646 2025 ἀναφέρεται·
662 1972 728 2027 ὥσπερ
742 1970 777 2026 τὸ,
792 1974 811 2014 ἐν

79 2044 132 2100 φόνῳ
147 2044 248 2097 μαχαίρας
262 2041 378 2093 ἀπέθανον,
393 2043 423 2081 ἐπί
436 2038 469 2081 τίν
480 2042 584 2094 Ζαχαρίαν
599 2039 722 2093 φονευθέντα
737 2040 812 2092 μεταξὺ

79 2116 102 2154 τε
115 2113 153 2152 vae
171 2113 204 2151 καί
221 2111 244 2150 πε
255 2109 390 2163 θυσιαεηρίε,
405 2106 432 2156 είς
447 2105 457 2147 ὁ
473 2104 538 2160 σωτὴρ
554 2106 637 2167 ἐδίδαξε,
653 2113 770 2163 μαρτυρῶν,
785 2107 812 2157 ὦς

58 2205 60 2210 ·
80 2180 142 2231 οἶμαι,
156 2182 230 2232 γραφῇ,
245 2175 270 2230 μὴ
285 2175 381 2230 φερομένη
395 2177 427 2225 μὲν
443 2176 461 2216 ἐν
475 2178 518 2222 τοῖς
531 2178 603 2228 κοινοῖς
618 2177 651 2214 ναί
665 2175 811 2227 δεδημενμένοις

80 2245 180 2300 βιβλίοις,
195 2242 246 2294 είκδς
261 2243 277 2284 δ
294 2239 324 2284 δτι
338 2244 357 2284 ἐν
373 2241 497 2297 ἀποκρύφοις
512 2237 630 2296 φερομένη.2

136 2316 191 2355 Hunc
209 2319 271 2355 antem
292 2313 421 2365 apocrypham
439 2312 517 2356 lsaiam‚
538 2309 561 2349 ad
581 2319 638 2361 quem
657 2311 751 2364 Origenes
770 2325 813 2364 pro-

867 353 879 723 z-J-*vss-ffi-“qutvss
867 262 878 348 ‘rvffzss-w
867 220 876 248 ⁷2⁴
876 207 878 209 .

869 947 879 1109 „zizezasswffiffizzzsz

81 2390 146 2430 vocat,
168 2384 250 2423 enmlem
270 2397 314 2423 esse
336 2395 379 2422 cnm
393 2387 469 2428 nostro,
492 2379 582 2419 concludi
595 2386 659 2431 potest
674 2394 696 2420 aa
712 2394 745 2427 eo,
761 2380 813 2432 qnod
873 2398 875 2401 ⁴

16 2461 18 2465 ’
82 2452 102 2491 in
116 2452 197 2491 homiliis
213 2452 252 2491 sais
268 2451 291 2491 de
305 2452 365 2491 lsaiae
379 2449 484 2491 visionibus
500 2448 608 2495 disserens,
633 2449 687 2489 hisce
701 2449 764 2490 verbis
780 2448 813 2488 oh·
875 2485 879 2496 ἶ

83 2523 157 2559 serrat:
179 2547 188 2563 ‚,
202 2516 245 2566 jnnt
258 2517 302 2557 irleo
316 2518 384 2557 lsaiam
399 2521 533 2556 esse‘seotnm
552 2516 658 2566 apopnlo‚
678 2517 731 2566 qnasi
750 2517 814 2567 legem

83 2587 253 2638 praevaricantem,
281 2591 300 2626 et
323 2590 374 2626 extra
396 2586 501 2636 scripturas
524 2584 673 2624 annunciantem.
717 2584 814 2635 Scriptura
875 2590 879 2604 ἐ

129 2737 148 2779 l]
160 2737 215 2780 Opera
227 2739 253 2785 ed.
266 2738 289 2771 lte
302 2737 317 2772 la
328 2739 375 2791 llue,
393 2738 450 2773 Voll,
467 2748 495 2780 pp.
506 2734 531 2768 19.
542 2734 568 2768 20.
594 2736 612 2777 2]
625 2735 740 2769 thinvmllt
753 2734 813 2778 plot.

61 2791 70 2798 ‘
84 2795 118 2827 rid.
130 2798 152 2827 ct.
164 2804 181 2836 p.
190 2792 227 2825 SlS.
