1807 3145
110 218 150 256 ‘IIS
414 212 477 246 Enochi
489 213 534 246 liber.

153 330 185 377 44)
201 329 249 368 Tum
268 328 306 368 vidi
320 333 405 368 naturam
426 330 509 368 omnium
523 323 609 374 mutari,⁴
628 342 698 381 casque
713 332 754 371 lieri
769 333 838 374 vitulos

112 399 170 438 albos.

154 467 190 511 lt)
205 465 227 504 Et
241 465 313 514 prtinus
335 474 358 502 er
372 464 396 502 iis
412 463 490 503 verbum
504 464 565 504 tactus
580 469 618 509 est,
641 469 660 504 et
674 466 752 505 verbum
770 467 839 507 lactum

112 533 142 569 cst
165 541 254 582 magnum
274 528 352 575 animal,
377 529 395 567 in
416 527 470 579 cujvrs
491 530 552 581 capite
572 542 642 573 cornua
663 536 716 571 erant
734 543 802 583 magna
822 541 840 574 et

112 600 175 650 mgna
318 604 322 608 “
829 598 831 604 ’

155 665 191 713 IS)
207 667 230 706 Et
243 666 337 704 Dominus
353 666 416 704 ovium
431 666 511 705 lactatus
526 672 555 706 cst
568 668 598 706 his
613 671 631 706 et
645 667 733 705 omnihus
747 663 815 708 vitulis.

155 734 190 782 49)
205 733 228 771 Et
237 744 278 782 ego,
290 743 333 768 cum
340 732 408 768 mediis
416 733 435 769 in
444 732 468 769 iis
476 734 629 783 pmcnbuissem,
640 734 781 785 expergefactus
793 746 841 781 sum,

117 805 136 839 et
150 801 235 839 omnium
249 799 332 838 memini,
361 798 413 838 Haeo
435 804 465 838 est
478 800 535 845 visio,
558 811 614 851 quam
633 799 671 841 vidi
689 800 792 841 44444444.
820 803 843 842 Et

115 867 258 917 expergefactus
273 866 367 906 celebravi
381 866 484 905 Doininnm
495 867 590 916 justitiae,
610 873 629 905 et
643 868 722 919 gloriam
736 870 754 906 ei
767 870 830 907 tribui.

157 935 193 981 50)
207 933 276 971 Postea
296 933 359 985 largas
382 933 439 972 effudi
459 935 563 984 lacrymas,
591 946 653 984 nequo
673 925 768 986 lacrymae
789 947 843 975 meae

116 1002 222 1046 cessabant,
237 1013 273 1039 nec
288 1002 422 1039 sustinuissem
437 1003 549 1052 conspicere
562 1013 596 1041 eos
612 1001 753 1041 descendentes
768 1006 844 1052 propter

117 1081 144 1113 ea,
160 1079 208 1119 qriae
217 1066 305 1106 videram.
320 1067 366 1106 Nam
377 1069 440 1107 omnia
450 1060 538 1108 evenient
548 1073 567 1108 et
575 1068 707 1119 implebuntur.
722 1068 746 1107 Et
760 1068 845 1120 singulae
863 1086 867 1091 ·

119 1137 205 1176 actiones
220 1136 317 1180 hominum
332 1136 377 1175 mihi
391 1136 520 1177 manifestatae
535 1143 582 1176 sunt.

160 1205 195 1252 54)
211 1203 251 1244 4444
261 1208 318 1243 nocte
328 1205 407 1244 memini
418 1206 493 1251 somnii,
509 1205 560 1255 qaod
570 1209 624 1245 antea
636 1203 749 1249 habueram3
762 1200 845 1255 ideoque

117 1272 186 1309 Ilebam
201 1277 220 1310 et
233 1272 353 1320 perturbatus
369 1285 431 1318 enain,
452 1274 495 1323 quia
510 1274 558 1317 hanc
573 1273 666 1311 visionem
681 1271 770 1310 videram.
803 1276 805 1279 ”

332 1382 394 1423 CAP.
414 1383 451 1424 XC.
483 1385 537 1433 [sect.
552 1382 615 1425 XVIII.
625 1381 639 1432 ¹]

175 1476 193 1523 1)
207 1476 231 1515 Et
249 1485 310 1519 nunc,
332 1475 358 1512 mi
378 1474 404 1512 fili
423 1475 539 1519 Mathusala,
562 1474 633 1514 advoca
651 1474 697 1511 mihi
718 1485 785 1513 omnes
804 1479 847 1513 tuos

81 1569 83 1571 .
119 1542 198 1585 tratres,
224 1546 243 1577 et
257 1553 352 1590 congrega
373 1552 438 1577 coram
452 1553 483 1578 me
498 1553 565 1578 omnes
584 1541 648 1578 matris
663 1544 706 1577 tuae
720 1538 781 1584 filios3
805 1552 848 1577 nam

82 1600 87 1606 ’
116 1618 154 1646 -vox
170 1618 200 1645 ine
216 1607 283 1645 excitat
298 1610 317 1644 et
330 1605 407 1656 spiritus
422 1617 480 1656 super
494 1618 525 1645 me
540 1606 612 1645 effusus
628 1609 667 1650 est,
683 1610 703 1644 ut
717 1605 771 1645 vobis
787 1606 849 1645 omnia

121 1674 230 1718 ostendam,
247 1685 294 1724 quae
308 1673 363 1712 vohis
379 1673 499 1712 accidentia
514 1677 617 1713 aeternum.

175 1742 194 1788 ⁶·‘l
210 1741 258 1781 Turn
273 1740 378 1781 Mathusala
397 1741 451 1786 abiit,
476 1753 582 1792 omnesque
604 1741 671 1781 fratres
692 1752 737 1779 suos
761 1740 784 1779 ad
806 1752 850 1779 euin

123 1808 244 1852 convocavit,
261 1813 278 1846 et
293 1811 385 1858 cognatos
400 1819 446 1845 suos
462 1808 587 1857 congregavit.

178 1876 199 1923 3)
215 1874 238 1914 Et
248 1874 315 1913 Enoch
330 1887 373 1912 cnm
388 1874 476 1913 omnibus
490 1873 555 1912 liberis
570 1874 609 1912 suis
621 1873 703 1912 fideliter
718 1872 830 1923 colloquens

179 1946 201 1991 4)
216 1943 295 1987 Audite,
309 1942 381 1993 inquit,
396 1942 461 1986 liberi,
477 1953 533 1980 omne
547 1941 606 1991 patris
621 1940 679 1980 vestri
694 1939 783 1985 verbum,
799 1945 818 1978 et
831 1939 850 1977 in

123 2012 236 2055 rectitudine
251 2022 306 2048 aures
321 2009 409 2048 adhibete
424 2009 463 2047 oris
478 2009 515 2046 mei
530 2009 582 2053 voci,
602 2021 645 2047 nam
660 2012 743 2047 attentos
758 2018 792 2046 vos
808 2018 852 2045 esse

124 2078 178 2122 4444,
197 2089 241 2116 eum
255 2088 289 2115 vos
305 2076 396 2126 alloquor.
425 2075 495 2114 Dileoti
509 2076 558 2119 mei,
578 2075 678 2114 observate
692 2073 819 2124 integritatem
834 2077 853 2111 ct

125 2144 218 2183 anibulate
232 2143 251 2180 in
267 2153 294 2181 eav

180 2214 202 2261 5)
217 2212 245 2251 Nc
260 2211 284 2251 ad
303 2211 429 2262 integritatem
447 2209 543 2249 44444444
563 2219 606 2247 eum
627 2208 698 2256 duplici
712 2207 781 2251 corde,
803 2218 852 2245 neve
885 2208 887 2211 ’

127 2292 170 2319 oum
184 2279 294 2317 hominibus
309 2278 395 2328 ancipitis
410 2277 478 2316 meinis
488 2276 600 2315 socletatem
612 2274 691 2318 ineatis;
705 2272 740 2312 sed
754 2273 853 2318 ambulate,

108 2344 190 2392 liberi,
214 2346 233 2382 in
250 2343 332 2393 justitia,
353 2356 401 2393 quae
420 2344 480 2381 bonas
501 2342 541 2379 vias
560 2353 594 2379 vos
615 2340 682 2384 ducet;
705 2344 724 2377 et
742 2340 811 2378 veritas
831 2340 856 2376 sit

127 2413 179 2453 socia
194 2416 263 2454 vestra.
435 2398 438 2403 ”

183 2480 205 2528 6)
220 2478 265 2517 Scio
274 2478 331 2524 enim,
343 2467 493 2528 oppressionem
504 2487 548 2514 esse
559 2474 702 2526 praevaliturum
715 2475 735 2512 In
745 2478 805 2518 terra,
821 2471 856 2511 sed

128 2549 163 2588 suh
178 2547 236 2585 fiuent
249 2546 268 2583 ln
283 2550 331 2584 terra
346 2556 434 2595 magnum
450 2543 564 2593 supplicium
575 2543 622 2585 fore,
638 2546 657 2579 et
671 2529 856 2579 consummationem

129 2616 190 2655 omnis
205 2613 319 2664 iniquitatis,
346 2624 393 2663 quae
409 2623 452 2649 cum
471 2609 535 2649 radice
555 2607 686 2659 exstirpabitur
706 2612 725 2646 et
739 2607 800 2644 omnis
815 2605 857 2656 ejus

128 2684 199 2723 fabrica
218 2682 332 2722 absumatur.
361 2680 449 2729 lniquitas
469 2684 534 2718 tamen
551 2677 619 2716 iterum
637 2673 758 2715 renovabitur
776 2678 794 2712 et
813 2684 858 2711 con-

129 2776 144 2781 „-
219 2774 223 2777 .
228 2773 266 2776 —0

176 2831 193 2869 1)
209 2831 259 2862 Paris.
271 2829 299 2861 lls.
