1758 3137
266 181 293 216 let.
307 181 358 217 Versa·
372 192 380 214 n
393 182 439 214 uren.
452 181 541 214 Luereuoe.
674 193 678 201 ·
758 183 778 226 3⁴

40 310 79 344 tum
95 305 115 340 nt
130 296 240 338 eefirlelius
255 296 366 342 redderem,
382 296 417 337 sed
431 303 452 337 ut
466 296 489 336 ed
504 298 606 338 obscuram
620 299 703 350 linguam
718 300 771 351 quasi

40 370 70 411 fur
83 369 117 413 iis,
133 366 164 418 qui
179 378 222 405 eum
236 369 335 416 expetant,
350 364 481 417 praeferretur.
715 353 717 356 Α

97 434 155 482 Quod
168 437 235 478 restat,
257 436 287 477 ut,
309 432 391 483 quaein
405 432 442 471 hoe
458 434 551 482 opuseulo
567 434 697 479 eontinentur,
716 435 772 473 uber-

42 505 88 544 rime
101 501 207 551 ‘aperirem
222 496 399 550 interpretationem
414 500 476 551 odjeoi
490 501 623 552 Angliormam,
638 502 707 542 Latine
714 503 771 553 poulo
796 490 797 493 Ἴ

42 572 120 610 liberius
141 562 272 618 expressam.¹
309 568 352 613 Quo
373 569 429 605 etiem
448 568 468 605 in
485 580 574 606 sermone
589 570 647 606 multe
662 569 686 606 de
701 582 734 613 eo,
753 575 773 607 ut
790 589 793 591 —
820 580 822 583 ’

43 638 143 689 diligenter
156 636 301 688 pervestigetur‚
317 635 436 687 dignissimo,
447 660 472 664 —
487 639 569 675 ettamen
583 649 622 675 non
636 636 700 687 plura,
716 648 773 693 quem

44 705 117 756 quihus,
132 707 153 742 ut
167 703 236 749 oredo,
253 714 301 753 opus
314 703 382 748 fuerit,
398 703 486 743 disserui.
514 704 581 753 Neque
594 716 626 744 me
639 705 735 754 prohibuit
745 706 774 743 in-

44 769 178 816 simulationis,
201 781 256 821 quom
270 769 323 821 parui
336 769 396 815 faoio,
415 769 499 821 partibus
514 768 604 809 studendi
617 774 689 817 metus,
710 782 735 810 ne
750 770 774 809 de

44 839 85 888 ejus
99 837 166 875 usibus
187 848 231 875 oum
250 838 365 887 theologicis
384 842 424 875 tum
439 838 521 883 oritiois,
541 848 611 887 panea,
633 848 680 888 quae
695 837 774 886 majoris

46 905 83 943 sint
97 903 198 948 momenti,
214 915 250 942 nee
265 902 329 942 forsan
343 904 486 954 intempestive,
501 903 647 954 interponerem.
696 900 698 904 ’

67 1064 85 1106 1]
98 1063 175 1097 Omissanr
186 1065 204 1096 in
216 1064 246 1097 line
259 1064 337 1097 editione.
362 1063 405 1096 Edit.
