1807 3145
102 210 140 247 100
279 222 281 224 ·
347 231 350 233 .
367 202 429 239 Esdrae
441 205 482 239 iiber
494 209 561 251 quartus

154 329 188 377 71)
202 329 226 369 Ε)
239 330 287 369 beee
302 330 331 370 via
346 336 366 370 et
379 343 440 382 poena
455 342 534 387 eorum,
556 332 579 372 de
595 332 663 384 quibus
679 333 712 372 tibi
728 333 776 376 dixi,
793 343 830 383 qua

100 396 207 436 alliciuntur
221 393 337 447 apostatae¹

154 473 187 521 tt)
209 476 232 515 Ε)
246 474 337 526 respondi
351 472 390 515 illi²
405 481 424 515 et
438 475 475 514 dixi
489 475 542 516 1111ς3
565 479 594 516 An
610 488 655 527 ergo
670 476 744 518 debitur
754 478 828 518 animae

98 539 198 595 ternpus,4
221 546 323 593 postquam
342 543 447 582 excesserit
465 542 489 581 de
508 556 588 594 eorpore
604 556 648 590 suo,
672 549 693 583 ut
706 545 778 590 videat,
803 544 827 583 de

101 623 139 660 qtae
153 609 200 649 mihi
215 606 307 646 dixistit⁵
765 643 768 645 .

153 689 187 737 711)
206 690 229 730 Ε)
242 688 342 740 respondit
354 689 401 728 mibi
416 686 449 729 et6
469 672 514 731 dixit
528 691 583 730 mibi:
608 690 687 741 Septem
702 691 743 731 dies
757 690 829 731 liberae

43 757 45 761 ’
98 764 164 803 erunt,
179 762 200 796 ut
213 758 300 803 videant,
316 758 339 797 de
355 754 393 808 quo
407 758 441 797 tibi
456 758 501 805 dixi,
523 771 590 798 eorum
604 764 685 807 statum,
702 759 725 798 de
741 770 778 809 quo
792 759 829 798 tibi

100 824 148 871 dixi,
168 824 240 863 inillis
255 824 328 864 diebus.
356 826 379 864 Et
392 830 461 874 postea
475 824 553 864 abibunt
566 825 585 863 in
600 826 706 865 habitacula
721 822 775 865 sua.⁷

153 901 187 948 77)
205 902 228 941 Et
243 901 333 952 respondi
347 902 374 939 illi
389 898 422 940 etS
441 901 479 940 dixi
497 902 535 940 illi:
562 900 659 941 Domine⁹
673 903 694 941 'si
709 904 787 953 gratiam
800 905 828 942 in-

98 968 184 1008 venerim
196 967 215 1006 in
235 967 296 1006 oeulis
311 968 358 1023 tuis,
381 968 418 1006 hoe
434 968 484 1007 aliud
498 966 595 1019 expone10
614 981 670 1009 servo
689 974 728 1007 tuo.
757 961 780 1008 In¹
797 971 828 1008 die

94 1034 163 1084 jndieii
176 1038 295 1084 poteruntne
315 1033 361 1084 justi
369 1030 385 1056 ¹¹
403 1033 524 1075 intereedere
544 1047 579 1085 pro
601 1032 758 1086 peecatoribus¹²
777 1030 837 1088 apud

95 1101 223 1146 ditissimum,
234 1105 275 1154 *aut
288 1107 377 1152 parentes
391 1113 427 1152 pro
441 1102 507 1141 liberis
522 1102 572 1147 suis,
596 1107 627 1141 aut
640 1103 696 1142 liberi
710 1114 744 1152 pro
759 1114 826 1153 paren-

94 1170 144 1211 tibus
153 1169 199 1216 suis,
214 1174 245 1210 aut
255 1170 331 1221 cognati
340 1181 375 1220 pro
386 1171 472 1222 cognatis
480 1157 526 1217 suis,
542 1175 573 1210 aut
584 1162 639 1211 arniei
648 1183 683 1223 pro
694 1170 760 1211 amieis
770 1169 825 1209 suis?

150 1246 183 1293 78)
207 1247 230 1286 Ε)
248 1246 347 1296 respondit
368 1247 415 1285 mihi
434 1251 453 1286 et
471 1246 517 1285 dixit
538 1246 596 1283 mihi:
621 1246 716 1292 Quoniam
737 1244 827 1286 invenisti

94 1315 172 1366 gratiam
185 1314 204 1352 in
220 1314 281 1352 oeulis
294 1314 354 1359 meis,
378 1314 416 1351 boe
431 1314 488 1353 eiiam
501 1312 536 1351 tibi
551 1309 673 1364 exponam.¹³
700 1313 747 1351 Dies
758 1311 827 1362 judieii

95 1380 118 1420 ad
137 1378 234 1419 modinum
255 1380 301 1425 erit,
331 1383 350 1418 et
370 1390 427 1430 super
442 1389 563 1431 unoquoque
587 1378 650 1419 edicto
670 1391 715 1418 meo
738 1380 827 1419 ostendet

95 1448 179 1499 sigillum
193 1447 282 1486 veritatis.
291 1443 307 1469 ¹4

139 1524 182 1571 >79)
198 1525 363 1572 Quemadmodum
372 1537 423 1563 nune
431 1522 447 1547 ¹⁵
456 1529 510 1574 pater
519 1536 559 1563 non
568 1524 624 1563 mittit
633 1523 693 1563 filiurn
704 1536 739 1563 suo
750 1525 802 1571 loeo,
811 1522 827 1548 ¹⁶

149 1603 183 1648 80)
197 1601 237 1641 Neo
251 1600 301 1641 filius
311 1605 384 1653 patrem
398 1597 484 1648 suurn,17
498 1613 535 1640 nee
550 1611 616 1642 servus
628 1599 726 1641 dominum
738 1598 828 1649 suum,18

93 1680 130 1708 nee
145 1669 216 1708 amiens
232 1669 314 1706 arnieum
328 1665 416 1713 suum‚¹⁹
440 1673 460 1707 ut
475 1672 562 1719 aegrotet
575 1679 609 1718 pro
623 1679 654 1714 se,
675 1669 706 1708 vel
721 1669 826 1714 reeunrbat,

89 1737 125 1777 ‘vel
139 1735 174 1777 eda
189 1764 194 1781 ,
214 1736 245 1776 vel
259 1733 349 1781 sanet;²⁰

175 1740 183 1775 1

149 1813 183 1861 Sl)
209 1814 299 1854 Similiter
317 1825 414 1867 nunquam
433 1815 477 1859 erit,
504 1812 555 1865 quod
576 1813 623 1853 alius
642 1814 699 1853 alium
720 1807 825 1866 [adjuvare]

96 1880 177 1932 poterit;
781 1881 783 1885 ’

253 2065 325 2097 Uotieno
336 2065 413 2097 ‹eratteee
424 2064 503 2097 versionis
513 2075 543 2109 per
554 2070 605 2098 tntum
616 2072 670 2108 eaput.

139 2122 157 2164 1)
174 2121 196 2154 Ε)
212 2122 253 2155 haee
269 2126 294 2153 est
310 2119 399 2163 descriptio
417 2121 516 2153 cruciatuum
532 2125 549 2152 et
565 2125 692 2161 tormentorum,
714 2131 756 2163 quae
771 2122 826 2163 impiis

93 2180 214 2222 propriasunt.
238 2176 256 2217 2)
267 2177 324 2215 Deest.
347 2175 365 2215 3)
376 2176 431 2209 Deest.
455 2176 474 2218 1)
488 2175 554 2220 aliquod
565 2180 634 2219 tempus.
657 2175 677 2217 5)
689 2181 707 2208 ut
718 2177 787 2209 videant
799 2187 825 2216 ea,

93 2235 115 2267 de
127 2235 185 2278 quibus
196 2234 257 2266 dietum
269 2238 299 2265 est.
321 2230 342 2273 6)
354 2232 421 2265 Desunt.
446 2231 465 2273 l]
481 2232 499 2263 in
515 2231 546 2264 illis
562 2236 624 2274 septem
636 2231 693 2264 diebus
710 2234 763 2265 omnia
775 2233 824 2266 habi-

94 2278 160 2330 taeula,
183 2289 204 2322 de
223 2289 282 2332 quibus
301 2292 350 2321 antea
370 2288 400 2320 tibi
421 2288 461 2323 dixi.
494 2287 554 2320 Postea
572 2288 589 2319 in
609 2288 629 2319 iis
647 2287 688 2320 loeis
705 2287 824 2330 relinquentur,

93 2347 152 2391 quibus
164 2346 210 2391 digni
221 2350 270 2387 sunt,
291 2350 309 2378 et
320 2346 337 2377 in
353 2350 398 2378 areta
410 2344 483 2388 duraque
495 2343 570 2377 custodia
585 2344 698 2382 servabuntur.
722 2342 740 2382 8)
757 2343 825 2377 Desunt.

93 2402 113 2443 9)
131 2403 187 2435 Deest.
222 2401 252 2443 10)
273 2401 334 2434 Addit:
356 2401 401 2433 mihi.
437 2400 468 2442 11)
489 2400 572 2442 poteritne
589 2399 646 2441 justus.
681 2398 711 2441 12)
729 2405 824 2443 peccatore.

94 2457 122 2495 13)
139 2461 171 2492 hoe
183 2457 226 2490 eliud
238 2462 254 2489 te
263 2458 340 2490 edocebo
353 2463 370 2489 et
381 2456 412 2489 tibi
428 2466 514 2500 exponam.
539 2454 566 2496 ill)
584 2456 698 2489 determinabit
711 2461 727 2489 et
739 2457 824 2498 decernet,

30 2554 32 2558 f
93 2521 110 2549 et
121 2515 198 2550 ostendet
208 2524 253 2555 rem,
273 2514 470 2557 sieutverumsigillurn.
494 2511 523 2552 15)
541 2511 645 2557 Sientquum
657 2514 704 2545 bomo
716 2512 825 2545 exhaurite

94 2571 189 2605 excesserit.
203 2569 232 2612 16)
244 2571 374 2612 potestmittere
386 2570 479 2609 edilium,
492 2573 510 2601 ut
521 2570 588 2611 negotia
601 2568 636 2610 ejus
647 2570 745 2602 sciscitetur.
762 2562 792 2608 17)
805 2569 825 2602 ad
850 2579 851 2583 ¹

93 2633 157 2671 patrem
175 2638 227 2662 suurn.
251 2625 281 2667 18)
301 2626 380 2659 Dominus
398 2626 419 2659 ad
439 2635 504 2659 serrum
523 2634 573 2658 suuni,
600 2624 628 2664 19)
647 2625 667 2658 ad
687 2625 755 2657 amioum
774 2635 824 2660 suum.

93 2682 123 2724 21))
136 2684 211 2725 discere,
228 2675 311 2728 quomodo
323 2682 386 2725 valeat,
404 2682 432 2716 vol
444 2682 506 2716 hahere
520 2690 547 2729 res
559 2680 594 2723 ejus
605 2682 686 2726 cognitas,
700 2691 737 2715 num
749 2681 824 2723 dormiat,

94 2745 122 2774 aut
134 2740 183 2780 edat,
205 2744 233 2773 aut
247 2750 321 2774 securam
337 2741 386 2783 degat
398 2741 458 2778 vitam,
477 2747 531 2781 neqrre
543 2736 575 2771 ullo
591 2739 639 2771 modo
651 2748 706 2771 euram
717 2736 753 2779 ejus
764 2748 824 2782 gerere

93 2800 152 2838 potest.
