1807 3145
354 152 357 154 ’
378 159 442 194 niceri
452 160 500 193 incr.
766 165 800 202 rur
841 153 842 156 ’

129 276 149 324 2)
164 274 228 325 Opera
242 273 295 314 initio
310 273 412 325 cujuslibet
431 275 510 314 orientis
525 275 579 318 anni,
605 273 728 324 omnia‘ejrrs
746 284 804 330 opera

78 344 95 384 ei
110 342 182 381 servire
197 345 253 392 atque
266 354 306 382 non
320 342 389 381 mutari
394 354 400 387 ;
417 337 467 380 sicut
480 328 596 393 Deseruit,
615 343 647 398 ita·
656 342 719 380 omnia
731 340 804 393 perfici.

130 407 150 456 3)
164 407 234 449 Vident
248 408 315 455 etiam,
338 406 435 458 quomodo
449 408 503 448 lacus
518 412 538 448 et
552 408 585 449 rivi
600 419 634 447 sua
649 408 729 458 quisque
743 407 805 447 officia

76 480 199 529 exequantur.

130 544 150 592 4)
166 542 219 595 [Sed]
240 555 275 585 ros
295 555 334 582 non
353 543 447 594 patienter
464 543 519 582 fertis
534 553 596 594 neque
610 542 700 594 perficitis
719 543 806 583 mandata

75 611 164 658 Domini;
188 609 223 650 sed
240 609 395 662 transgredimini
414 615 433 650 et
447 610 566 657 conculcatis
584 610 625 660 eJus
647 610 805 661 magnitudinem

75 683 97 718 et
109 678 207 717 maledica
221 674 266 718 sunt
279 679 338 719 verba
351 679 371 717 in
386 678 451 718 oribus
465 679 534 721 vestris
548 679 637 729 pollutis,
657 679 748 718 adversus
763 677 805 728 eius

75 744 199 795 majestatem.
441 748 444 754 “
632 794 636 797 μ

131 812 150 861 5)
164 813 204 855 vos
217 813 303 864 perversi
316 813 337 851 in
351 811 420 858 corde,
440 812 491 852 nulla
504 824 541 863 pax
555 812 591 851 erit
605 811 716 852 vobiscuml

129 878 149 927 6)
163 878 209 919 ldeo
221 878 264 932 dies
276 883 351 921 vestros
369 892 403 919 vos
418 880 456 931 ipsi
470 880 617 925 execrabimini,
633 884 653 919 et
668 879 712 919 anni
726 880 807 920 vitarum

75 952 181 985 vestrarum
193 947 292 995 peribunt,
314 952 417 996 perpetuae
432 947 563 987 execrationes
578 946 764 998 multiplicabuntur,
785 952 808 991 ,et

76 1024 110 1053 ros
123 1024 163 1051 non
178 1012 287 1052 obtinebitis
302 1013 386 1064 gratiam.

130 1090 203 1140 ululis
223 1088 290 1132 diebus
310 1092 451 1133 commutabitis
469 1103 537 1144 pacem
556 1097 639 1134 vestram
663 1081 706 1133 eum
725 1093 808 1132 aeternis

75 1158 240 1199 maledictionibus
260 1161 345 1199 oxnnium
363 1159 473 1209 justorum,
499 1164 518 1200 et
538 1165 652 1211 peccatores
666 1164 758 1212 perpetuo
772 1171 807 1198 vos

75 1226 224 1271 execrabunlur;
385 1228 386 1233 ’

134 1301 153 1348 8)
169 1301 324 1356 [Execrabuntur]
339 1315 375 1342 ros
388 1315 426 1341 una
441 1306 567 1354 cumimpiis

131 1379 151 1427 el
165 1379 227 1421 lllecti
241 1379 368 1431 possidebunt
381 1381 455 1426 lumen,
479 1380 569 1432 gaudium
582 1385 601 1419 et
615 1390 688 1431 pacem.
704 1385 723 1419 et
736 1375 810 1419 beredi-

76 1450 114 1485 latc
129 1447 225 1497 accipient
238 1452 313 1487 terram.

119 1525 151 1573 le)
167 1526 207 1564 Sed
216 1539 265 1587 xvos,
284 1526 377 1576 improbi,
394 1525 535 1565 damnabimini.

121 1603 152 1651 ll)
168 1603 217 1642 Tum
230 1604 324 1655 sapientia
338 1603 413 1643 dabitur
427 1604 504 1648 electis,
525 1604 557 1652 qni
573 1613 640 1642 omues
654 1603 727 1646 virent,
746 1615 809 1653 neque

78 1680 149 1711 rursus
164 1681 248 1723 unquam
266 1671 374 1722 peccabunt
393 1682 428 1722 per
447 1669 565 1722 impietatem
583 1673 614 1708 aut
632 1668 752 1720 superbiam3
775 1667 810 1707 sed

78 1742 139 1778 semet
161 1739 299 1785 humiliabunt,
323 1739 446 1790 possidentes
467 1738 600 1789 prudentiam,
628 1749 692 1789 neque
714 1739 810 1777 iterabant

78 1807 258 1858 transgressionem.
275 1822 276 1828 ¹

119 1883 152 1930 12)
166 1883 208 1922 Non
220 1882 397 1922 condemnabuntur
405 1894 440 1933 per
449 1888 510 1922 tolum
518 1884 568 1922 vitae
578 1893 645 1920 corum
653 1887 735 1931 tempus,
746 1894 809 1931 neque
867 1933 868 1936 Ἴ

79 1949 185 1989 morientur
194 1950 214 1988 in
227 1940 327 1989 tormentis
341 1955 360 1989 et
374 1950 392 1988 in
407 1948 546 2000 indignatione3
561 1946 597 1987 sed
610 1958 684 1986 summa
698 1946 772 1986 dierum
785 1948 809 1985 iis

78 2015 214 2067 complebitur,
235 2019 254 2055 et
269 2020 373 2055 senescent
386 2017 407 2056 in
425 2028 484 2067 pace,
509 2015 554 2055 dum
569 2015 612 2055 anni
631 2015 727 2055 felicitatis
742 2026 810 2055 eorum
861 2044 863 2048 ‚

78 2082 251 2134 multiplicabuntur
271 2094 315 2129 cum
334 2083 413 2135 gaudio,
439 2088 459 2123 et
479 2095 522 2123 cnm
542 2081 607 2135 paces
624 2083 644 2122 in
665 2083 809 2134 sempiternum,

76 2159 110 2196 par
126 2161 183 2190 omne
197 2149 308 2190 existentiae
323 2162 390 2191 eorum
403 2155 485 2205 ternpus.

310 2301 371 2341 GAP.
392 2301 429 2344 Vll.
460 2302 515 2353 [sect.
529 2302 550 2342 ll.
564 2299 576 2352 ¹]

134 2394 152 2442 l)
164 2392 256 2435 '²dccidit
279 2399 381 2446 postquam
399 2395 434 2435 filii
454 2397 552 2436 hominnm
575 2397 695 2448 multiplicati
714 2402 768 2436 sunt,
779 2397 809 2435 his

78 2456 156 2522 diebus,
177 2466 198 2503 ut
211 2461 262 2502 tiliae
276 2461 300 2500 iis
314 2467 449 2508 nascerentur,
471 2460 569 2515 elegantes
584 2467 604 2503 et
617 2467 715 2505 venustae.

131 2538 151 2587 ‘ll
165 2540 189 2581 Et
202 2538 234 2580 ubi
249 2539 318 2592 angeli,
334 2540 384 2580 coeli
398 2540 437 2587 tilii,
453 2551 485 2585 eas
501 2546 651 2593 conspexerunt,
667 2553 810 2613 amorraeorum

123 2706 139 2746 1}
153 2708 198 2743 Paris
209 2710 238 2744 uls.
251 2722 281 2754 per
294 2705 382 2746 Woidiom.
406 2712 423 2752 2)
436 2713 472 2747 uuo
485 2711 536 2758 prima
549 2716 647 2757 lmgnrenln,
659 2725 669 2748 a
681 2715 753 2758 Georgio
766 2716 809 2758 Sun-

77 2760 117 2795 rcllo
129 2774 190 2808 gracce
201 2773 273 2811 sciram,
287 2769 312 2807 lric
324 2770 406 2812 incipiunt
419 2777 435 2804 el
447 2773 525 2806 smimurn
536 2783 572 2806 cnm
585 2770 610 2805 15.
624 2783 639 2806 v.
652 2783 665 2804 c.
678 2771 698 2804 X.
