1807 3145
109 218 149 259 314
420 214 458 249 Vita
473 214 529 250 lllosis.

164 336 189 371 2,
210 330 291 370 Immisit
303 335 359 369 ranas
373 330 453 380 ubique,
470 330 518 370 cibis
534 331 591 370 etiam
605 316 624 369 et
638 331 711 370 larariis
727 335 836 380 coaxantes,

108 400 181 452 luitque
197 399 244 439 dura
253 398 308 440 valde
322 397 370 438 haec
385 399 445 451 plaga,
461 409 498 451 qua
508 399 561 439 Deus
577 410 611 439 eos
625 398 670 439 ideo
682 401 784 451 percussit,
794 403 838 454 quia

108 468 185 509 ludaeis
200 468 295 514 dicebant,
310 466 341 513 ite,
356 467 457 518 piscamini
472 467 528 508 nobis
543 468 614 519 pisces.

114 564 116 568 ι
164 541 182 578 3.
211 536 275 576 Tertia
293 535 425 587 pediculorum
445 536 488 582 tuit,
516 536 548 586 qni
573 535 671 576 altitudine
691 536 750 577 cubiti
769 541 840 578 terram

110 608 234 657 operuerunt,
251 607 270 643 et
285 604 301 642 si
316 603 391 656 qnando
406 604 494 656 Aegyptii
508 603 578 643 nitidas
592 603 694 644 induerent
706 609 782 651 vestes,
797 606 841 646 11166

109 677 206 714 momento
221 671 315 724 pediculis
331 671 460 723 opplebantur,
477 672 520 724 quia
536 663 626 713 dicebant
639 672 744 720 Israelitis,
760 674 786 715 ite
800 687 842 716 ver-

109 743 145 783 rite
160 743 228 783 domos
242 745 325 788 nostras,
342 741 410 781 cubilia
425 746 444 782 et
457 742 517 782 vicos,

164 814 182 849 4.
211 811 314 861 Aegyptios
334 811 386 849 vario
406 810 529 849 animantium
543 821 614 861 genere
628 810 721 860 fatigavit:
742 811 838 858 leonibus,

109 878 165 929 lupis,
180 877 239 923 ursis,
255 877 330 928 pardis,
346 877 378 928 qui
394 876 462 917 domos
477 878 535 918 etiam
551 877 625 917 clausas
640 865 805 929 ingrediebantur,
826 879 843 918 si

108 952 174 999 portae
185 945 325 993 clauderentur,
341 946 410 986 educta
423 947 492 986 tellure
506 947 556 987 inter
571 951 684 987 crescentes
700 948 764 998 spinas
778 947 841 988 bestia

109 1016 167 1058 aedes
182 1030 216 1069 per
229 1016 325 1055 fenestras
340 1014 462 1061 succedebat
478 1015 584 1067 obviosque
598 1027 669 1066 pueros
683 1015 703 1055 in
717 1015 774 1055 lectis
787 1028 841 1056 vora-

109 1086 147 1125 bat.
162 1085 203 1125 Hac
219 1088 282 1123 autem
298 1082 351 1122 clade
363 1083 416 1122 Deus
431 1083 475 1122 illos
490 1083 559 1129 affecit,
576 1083 620 1134 quia
634 1094 705 1134 pecora
720 1094 753 1122 sua
763 1082 841 1123 ludaeis

109 1153 207 1205 pascenda
220 1152 325 1193 tradebant.
582 1153 583 1157 ’

166 1227 184 1263 6.
214 1222 271 1262 Sexta
285 1222 357 1260 ulceris
372 1221 416 1260 mali
431 1221 485 1273 plaga
500 1221 561 1261 vexati
576 1226 629 1267 sunt,
649 1220 694 1260 ideo
709 1221 753 1273 quia
767 1221 805 1261 sibi
820 1220 842 1261 ab

109 1291 202 1329 Israelitis
216 1290 284 1328 balnea
298 1289 360 1339 parari
374 1289 469 1333 volebant,
484 1289 504 1326 in
519 1289 587 1339 quibus
603 1289 689 1328 calefacti
703 1289 792 1327 abrasum
806 1301 840 1339 pu-

109 1358 160 1395 mice
181 1368 250 1405 corpus
271 1367 345 1396 summa
366 1356 462 1407 voluptate
485 1355 581 1395 curabant.
610 1356 675 1407 ltaque
693 1357 789 1407 perc-ussit
808 1368 842 1396 eos

111 1425 182 1470 scabie,
197 1428 218 1464 ut
233 1423 318 1464 calentes
333 1424 375 1474 ejus
390 1425 408 1465 vi
422 1436 445 1465 ac
459 1424 532 1475 pruritu
547 1428 611 1464 cutem
625 1424 721 1465 fricarent.

166 1496 184 1535 7.
214 1492 318 1543 Septimam
333 1491 430 1543 grandinis
445 1492 520 1545 plagam
533 1492 586 1533 Dens
600 1493 689 1540 immisit,
713 1504 749 1545 qua
764 1497 805 1534 sata
824 1497 843 1534 et

110 1562 206 1613 gignentia
220 1560 283 1599 deleta
298 1564 353 1604 sunt,
376 1560 465 1609 quoniam
486 1570 543 1610 agros
565 1572 611 1599 suos
626 1562 675 1600 arari
690 1572 712 1600 ac
728 1562 844 1601 seminaria

110 1628 188 1670 ludaeis
204 1627 327 1680 imperabant.

167 1702 185 1738 S.
215 1698 286 1737 Octava
306 1697 424 1735 locustarum
444 1697 499 1748 plaga
517 1697 563 1743 fnit,
586 1697 654 1748 quibus
675 1697 747 1748 proprii
766 1696 844 1747 quidem

111 1765 192 1813 dentes,
215 1765 250 1805 sed
269 1765 352 1804 molares
373 1765 451 1804 leonum
469 1765 573 1805 molaribus
588 1766 696 1816 persimiles
712 1768 777 1811 erant;
798 1765 842 1805 illae

111 1833 844 1887 quidquidagrandinesupertnit,consumpserunt,quoniamdicebantlsrae-

110 1903 150 1942 litis
160 1903 257 1956 Aegyptii:
266 1903 292 1942 ite
302 1902 385 1954 plantate
396 1902 451 1941 nobis
461 1900 545 1949 arbores,
557 1905 577 1942 61
589 1901 684 1943 custodite
691 1904 764 1943 tructus
773 1915 843 1943 earumv

166 1976 183 2013 o.
212 1971 279 2017 Nono,
301 1972 388 2023 Aegypto
409 1972 483 2011 inferna
503 1972 565 2024 caligo
579 1972 674 2018 incubuit,
694 1973 720 2012 ita
735 1972 766 2023 qui
782 1972 845 2012 stabat

77 2045 83 2049 ²
111 2051 201 2091 surgere,
218 2039 249 2089 qui
264 2038 353 2090 surgebat
367 2043 417 2078 stare
432 2051 471 2078 non
485 2043 567 2089 poterat,
583 2043 639 2089 atque
653 2040 690 2078 hoc
704 2039 749 2079 idco
765 2040 839 2087 accidit,

111 2110 154 2160 quia
168 2110 217 2149 inter
232 2105 329 2148 israelitas
345 2113 398 2147 erant
412 2109 470 2147 etiam
484 2109 542 2160 impii,
559 2109 592 2159 qui
605 2109 654 2147 intra
669 2108 705 2147 hos
719 2108 843 2160 tenebrarum

108 2181 149 2216 tres
165 2176 206 2216 dies
220 2177 323 2226 perierunt,
332 2166 390 2215 ¹Deus
402 2180 465 2215 autem
475 2177 580 2228 Aegyptios
595 2175 672 2227 illorum
687 2176 764 2215 exitium
778 2175 843 2216 videre
874 2178 876 2180 ’

68 2281 70 2283 .
112 2256 134 2284 66
149 2244 214 2284 laetari
228 2244 294 2282 noluit.

155 2316 184 2351 ro.
213 2312 293 2350 Decima
308 2315 327 2350 et
337 2312 403 2350 ultima
413 2311 495 2363 Aegypti
509 2310 646 2362 primogenitos
661 2312 762 2362 percussit,
777 2323 844 2350 verum

111 2380 128 2419 si
138 2379 255 2432 sapientibus
268 2378 370 2426 credimus,
381 2380 500 2419 Pharaonem
514 2377 538 2418 de
549 2378 626 2418 illorum
639 2384 701 2419 morte
712 2384 766 2420 antea
776 2380 843 2421 Moses

110 2454 216 2494 monuerat,
232 2449 268 2487 sed
282 2449 324 2499 ejtrs
339 2450 411 2490 dictum
419 2450 459 2489 1161
472 2449 513 2488 risu
527 2453 656 2500 prosequutus
670 2450 691 2488 in
705 2453 745 2489 tota
755 2450 843 2501 Aegypto

110 2519 140 2558 vir
155 2519 202 2557 CCC
215 2518 353 2570 primogenitos
367 2518 493 2569 'reperiendos
508 2517 586 2557 dixerat.
614 2518 725 2559 vaecordes
743 2519 843 2558 maximam

110 2589 183 2636 partem
197 2584 335 2638 primogenitos
351 2597 396 2625 csse
410 2585 535 2638 ignorabant,
557 2585 628 2625 etenim
648 2586 668 2625 in
688 2585 792 2627 libidinoso
808 2600 842 2640 po-

110 2655 162 2705 pulo,
177 2656 209 2694 nbi
218 2655 278 2706 spurii
292 2667 342 2706 pene
354 2667 427 2700 omnes,
443 2655 576 2706 unusquisque
591 2656 639 2706 patri
654 2668 689 2695 suo
704 2657 843 2710 primogenitus

112 2728 157 2761 erat.
185 2724 240 2773 lpsos
251 2725 313 2769 etiam,
329 2724 353 2762 de
368 2736 449 2775 quorum
464 2724 525 2762 salute
541 2724 637 2773 agebatur,
652 2726 791 2775 primogenitos
802 2727 844 2766 1116-

113 2799 144 2833 ses
164 2792 195 2831 his
209 2791 272 2830 verbis
294 2791 423 2844 compellavit:
438 2791 467 2831 lta
481 2790 528 2831 dicit
542 2791 642 2839 Dominus,
657 2791 720 2832 media
734 2797 793 2834 nocte
808 2806 843 2845 per

111 2862 218 2914 Aegyptum
234 2860 331 2913 egrediar,
352 2866 372 2902 et
385 2862 478 2901 morietur
493 2860 554 2901 omnis
568 2862 716 2914 primogenitus,
738 2873 776 2915 quo
791 2860 842 2902 dicto
