1807 3145
361 234 399 269 Vita
410 232 466 269 Mosis.
736 239 776 280 309

47 351 135 397 Domine,
150 351 219 402 inquit,
235 364 312 404 semper
326 353 357 392 hio
371 354 456 405 populus
468 353 513 393 dolo
527 365 569 393 reno
582 355 633 401 lacit,
647 354 706 394 iacob
719 365 777 405 geue-

46 422 71 461 ris
86 419 142 470 origo·
151 421 202 460 Esau
216 422 294 462 fratrem
308 421 373 473 patris,
389 435 446 475 quem
460 423 526 464 frande
540 433 643 474 aggressus
658 426 703 469 erat,
718 420 778 461 bene-

47 488 127 530 dictione
141 488 230 539 privavit,
246 485 291 529 inde
301 488 371 536 Labau,
386 490 410 530 ad
421 503 477 542 quern
486 491 564 542 fugerat,
575 492 660 530 armenta
669 501 708 529 non
717 489 776 529 modo

47 556 113 608 abegit,
129 555 164 595 sed
180 562 199 597 et
212 563 274 604 natas,
291 569 337 609 quas
353 559 401 610 apud
415 560 519 612 profugum
533 558 667 605 collocaverat,
682 557 777 599 nescienti

46 623 115 676 rapuit,
130 623 183 665 Isaac
198 626 268 676 pariter
287 627 329 666 exul
343 627 418 667 incolas
434 627 492 668 Gerar
506 627 563 667 ludos
577 628 632 674 fecit,
651 628 777 668 colonorum

46 703 122 733 uxorem
137 693 213 732 sororio
227 693 305 732 nomine
321 693 455 741 dissimulavit,
471 707 515 736 mon
529 696 612 735 corrasis
627 696 714 748 pecuniis
725 695 778 734 auf-

46 761 80 814 git3
94 759 164 800 iisdem
179 761 250 802 artibus
265 762 299 802 lilii
308 763 368 803 Jacob
381 763 494 805 Sichemitas
510 769 529 804 et
543 765 615 805 Hamor
629 764 717 818 aggressi
727 767 776 803 sunt.

44 828 117 870 illenim
139 828 265 871 circumcisos
284 833 340 872 tertia
360 832 437 873 deinum
456 832 486 873 die
506 831 577 873 viribus
592 832 663 871 fractos
677 831 778 872 interfece-

45 900 92 941 runt,
108 896 200 949 urbisque
215 899 265 939 ferro
280 905 345 940 vastae
361 913 408 952 opes
424 902 460 941 sibi
473 901 585 941 habuerunt.
611 901 633 938 Si
646 900 693 939 mihi
707 899 777 946 credis,

45 975 82 1003 non
97 969 132 1010 est,
149 960 183 1003 cnr
197 964 221 1005 de
231 965 347 1006 occidendis
362 967 400 1006 illis
416 968 499 1019 cogites,
514 979 581 1008 verum
598 965 779 1018 impositislabori-

44 1033 79 1072 bus
94 1036 114 1072 et
127 1033 229 1079 molestiis,
245 1034 313 1086 quihus
327 1036 409 1087 impares
424 1040 485 1082 crunt,
503 1034 597 1087 fatigabis,
625 1032 692 1074 Jetlrro
706 1032 779 1075 111131113-

44 1100 82 1140 nita
91 1105 192 1152 postquam
202 1102 250 1154 Regi
259 1104 356 1154 placuisse
371 1104 473 1143 consilium
488 1103 592 1143 intellexit:
606 1103 698 1148 Domine,
714 1100 778 1151 sane·

45 1169 75 1214 cit,
90 1181 147 1207 nemo
161 1181 245 1221 unquam
258 1170 342 1210 truncos
357 1171 428 1211 inultus
443 1172 508 1217 laesit,
522 1171 606 1222 ignoras,
623 1170 668 1222 quid
682 1169 779 1211 Pharaoni

44 1236 143 1285 acciderit,
164 1238 196 1291 qui
211 1238 280 1279 Sararn'
296 1239 398 1279 abrahami
417 1250 497 1278 uxorein
518 1238 555 1277 sibi
574 1237 713 1282 vindicaverat,
734 1236 780 1287 quiri

45 1311 124 1358 quatuor
138 1306 222 1358 regibus,
238 1308 270 1359 qui
284 1313 360 1359 captum
374 1309 423 1347 Loth
437 1306 563 1353 abduxerant,
584 1305 629 1358 quid
644 1305 727 1357 deniqne
741 1305 779 1357 ipsi

43 1373 117 1419 Laban,
133 1375 187 1424 cujus
203 1375 300 1422 meminit,
319 1376 357 1415 nisi
372 1376 440 1415 damno
456 1387 491 1415 suo
506 1376 571 1414 nullus
585 1375 622 1414 illis
637 1375 709 1414 nocuit.
737 1374 779 1414 Reii

44 1444 113 1482 irarum
133 1442 287 1494 ptencslcthro
308 1443 328 1482 in
348 1444 467 1494 provinciam
488 1444 540 1483 abire
558 1442 624 1493 jubet,
638 1442 681 1481 Deo
696 1442 778 1487 volente,

45 1510 76 1562 qui
90 1512 187 1564 praesenti
202 1512 289 1563 periculo
305 1513 379 1563 eripuit.
409 1512 484 1552 interca
498 1510 565 1553 Moses
580 1512 633 1563 regio
648 1511 728 1556 amictu,
749 1521 779 1550 ca-

43 1582 76 1630 put
90 1579 171 1631 gemmis
186 1583 275 1626 ornatus,
290 1576 394 1631 procerum
409 1583 466 1619 coetu
481 1579 572 1630 stipatus,
587 1577 680 1618 Pharonis
694 1576 780 1616 inaedi-

42 1646 78 1685 hns
93 1648 205 1693 crescebat;
223 1648 263 1699 jam
284 1647 381 1687 decimum
401 1649 487 1698 quintum
505 1648 603 1699 attigerat,
621 1646 661 1697 jam
678 1650 780 1698 parentum

43 1712 139 1753 desiderio
154 1714 263 1762 tenebatur,
287 1727 368 1767 qnorum
387 1728 446 1756 onera
465 1720 484 1756 et
503 1716 615 1756 servitutem
633 1715 679 1753 drrrn
697 1718 778 1765 reputat,

42 1783 90 1823 torte
99 1783 213 1835 Aegyptium
223 1783 280 1829 videt,
296 1785 327 1835 qui
341 1784 426 1835 pessime
441 1782 535 1824 Judaeum
550 1781 661 1835 excipiebat.
682 1781 779 1830 Querulus

42 1851 142 1893 Hebraeus
157 1851 181 1892 ad
194 1851 271 1894 Mosam
285 1851 341 1904 sugit,
358 1863 414 1904 quern
429 1852 509 1892 multum
523 1851 574 1904 apud
587 1863 654 1903 regern
666 1861 726 1901 posse
740 1863 780 1890 non

43 1919 150 1960 nesciebat:
164 1920 256 1965 Domine,
273 1919 308 1967 ait,
324 1921 429 1972 Aegyptius
441 1919 475 1959 ille
485 1918 549 1959 media
558 1917 705 1958 noctedomum
717 1930 782 1959 ineamv

42 1986 134 2038 perfodit,
150 1986 215 2025 mein
231 1986 312 2026 vinculis
326 1986 401 2030 habuit,
416 1987 436 2023 in
452 1991 557 2035 conspectu
571 1997 616 2024 ineo
625 1996 705 2026 uxorem
714 1999 778 2026 meam

43 2055 130 2107 subegit,
152 2066 202 2094 nunc
221 2065 267 2094 vero
288 2066 330 2094 mea
352 2060 428 2106 quoque
444 2052 503 2093 caede
524 2052 588 2093 scelus
602 2053 697 2105 perlicere
710 2057 779 2094 tentat.

43 2123 109 2164 llloses
125 2124 188 2164 audito
209 2121 312 2162 nebulonis
330 2121 426 2168 facinore,
449 2121 514 2161 locum
535 2122 596 2161 oculis
616 2123 692 2169 lustrat,
716 2123 787 2162 omnia

44 2193 117 2231 oironm
131 2203 191 2232 vacua
213 2190 274 2236 ridet,
294 2191 409 2241 Aegyptiam
427 2189 529 2237 interficit,
550 2191 667 2232 incolumem
684 2192 779 2232 Judaeum

44 2258 95 2298 abire
107 2258 168 2309 jubet,
182 2258 227 2297 inde
240 2257 264 2298 ad
273 2258 392 2298 Pharaonem
402 2257 505 2298 contendit.
528 2257 613 2299 iudaeus
625 2263 728 2311 postquam
743 2260 777 2299 do-

43 2338 93 2368 murn
108 2332 162 2368 snam
175 2327 267 2379 pervenit,
283 2334 374 2374 uxorem,
384 2337 440 2379 quam
449 2328 548 2380 Aegyptus
563 2329 623 2378 stupri
639 2327 775 2378 compleverat,

43 2408 73 2434 res
89 2394 133 2436 suas
148 2396 185 2435 sibi
203 2396 274 2436 habere
290 2394 356 2445 jubet:
375 2396 407 2435 illa
425 2396 496 2435 facturn
515 2395 603 2435 fratribus
623 2396 695 2447 aperit,
715 2397 779 2437 mariti

44 2463 93 2504 ritae
113 2461 193 2504 insidias
216 2466 302 2508 struunt,
324 2462 357 2502 ille
379 2462 423 2514 suga
448 2474 514 2503 eorum
534 2467 614 2502 conatus
634 2464 700 2503 eludit,
733 2465 781 2505 Post

45 2530 123 2571 alterum
138 2529 189 2570 diem
198 2529 266 2571 Moses
281 2530 372 2570 iudaicae
387 2530 484 2569 servitutis
499 2535 596 2580 spectator
610 2530 671 2576 adest,
686 2531 780 2572 Judaeum

45 2596 127 2650 inspicit,
143 2598 176 2649 qui
192 2597 271 2637 alterurn
285 2596 410 2649 percutiebat,
426 2595 520 2650 objurget.
548 2598 574 2637 at
587 2598 625 2644 hic,
640 2599 683 2649 quis
697 2604 717 2639 te
726 2598 780 2639 Prin-

46 2665 108 2718 cipem
123 2671 154 2707 aut
167 2664 254 2706 iudicem
270 2665 326 2706 nobis
348 2665 455 2706 constitnit:
474 2676 498 2706 an
516 2677 560 2713 me,
579 2667 629 2706 sicut
645 2666 689 2705 heri
704 2668 780 2720 Aegyp·

44 2733 100 2781 tium,
119 2734 239 2776 interficies?
258 2735 323 2775 Audiit
342 2736 392 2781 Rex,
413 2736 515 2787 statimque
534 2734 611 2776 Mosem
631 2736 717 2777 carnifici
735 2748 779 2788 per-

44 2804 101 2852 misit,
111 2806 145 2846 1113
154 2803 236 2845 damnati
249 2805 351 2851 cervicem,
363 2816 412 2857 quae
421 2804 503 2845 manime
510 2802 546 2843 Dei
556 2803 648 2844 miraculo
659 2807 680 2844 ut
690 2805 779 2843 columna

44 2874 144 2915 marmoris
158 2874 281 2921 induruerat,
296 2874 350 2915 irrito
365 2875 405 2926 ictu
414 2873 526 2927 percussit,
547 2876 604 2926 atque
618 2874 656 2914 hoc
671 2877 710 2921 est,
725 2872 778 2925 quod
