1807 3145
128 209 168 256 890
437 204 477 243 vVita
488 206 561 243 Merlini.

127 326 179 367 Trux
192 327 219 367 ibi
234 329 271 366 stat
282 324 341 376 J'udeu
356 323 430 376 aequali
444 326 500 365 lenee
515 325 633 377 rependens,

128 391 219 446 Cuique¹
234 397 290 433 suum
303 393 392 433 meritum
406 392 539 443 eerrdignaque
554 393 617 433 debita
631 391 707 431 sutvtt.“

183 531 273 577 „Alterm
289 543 337 582 quae
350 530 416 582 friget,
431 535 545 582 praetensae
560 530 618 572 volvit
632 539 699 572 arente

128 596 183 644 Quos
199 587 266 636 seeum
280 598 340 649 gignit
353 599 417 638 vieino
432 599 493 650 prima
506 610 577 649 uapore
632 629 639 640 -.

128 662 210 711 Quando
225 674 272 703 sues
287 664 351 704 radios
367 665 459 705 inmiscet
473 665 528 705 steila
542 665 621 705 Diones.
672 690 673 693 η

126 729 180 771 Hane
194 730 295 783 perhibent
308 732 380 772 Arabes
396 745 481 785 gemmas
495 741 589 784 generare
603 731 708 779 micantes,

126 800 177 840 Dum
191 805 279 851 peragrat
293 800 368 851 pisces,
385 799 430 841 dum
444 800 523 852 respicit
537 811 620 853 aequora
634 798 727 848 flammis3

126 867 179 907 Haec
193 868 262 908 virtute
276 869 401 918 suapopuiis
415 868 533 919 gestantibus
547 869 599 919 ipsas

79 952 85 960 s
126 933 218 983 Prosurit‚
234 941 253 976 et
267 936 338 977 multos
352 933 435 977 reddunt
449 941 564 987 servantque
579 933 675 976 salubres:

126 1003 165 1044 Has
181 1017 257 1057 quoque
271 1019 306 1057 per
320 1005 395 1056 speeies
411 1005 496 1050 distinxit
511 1007 541 1052 (ut
555 1004 629 1053 omnia)
643 1003 726 1049 uector,
766 1026 770 1030 >-

126 1071 151 1112 Ut
165 1072 296 1112 discernemus
310 1085 344 1122 per
357 1073 428 1111 formas
443 1084 516 1122 perque
531 1073 621 1122 colores,
651 1126 653 1130 ‚

51 1143 53 1147 ’
127 1139 185 1189 GuJ'us
200 1134 238 1179 sint
252 1141 338 1192 generis,
354 1139 409 1189 cupus
424 1140 497 1180 uirtutis
511 1143 606 1190 apertae.“

182 1275 259 1322 „Tertia
272 1276 334 1315 forma
347 1275 404 1314 maris
420 1287 468 1328 quae
483 1280 570 1315 nostrum
585 1276 652 1315 eireuit
667 1276 745 1322 orbem,

125 1342 249 1381 Proximitate
264 1354 299 1381 sua
313 1343 369 1381 nobis
383 1343 434 1382 bona
448 1343 507 1381 multa
521 1344 620 1382 ministrat.

125 1409 188 1450 Nutrit
201 1410 253 1450 enim
266 1410 331 1460 pisces
347 1414 366 1450 et
380 1411 409 1450 sal
422 1410 512 1461 producit
526 1406 630 1456 abunda,²

125 1477 209 1529 Fertque
223 1476 319 1530 refertque
333 1482 383 1517 rates
398 1478 514 1517 commercia
529 1482 594 1517 nostra
608 1477 717 1523 ferentes„

125 1545 181 1586 Unde
195 1558 230 1586 sue
245 1547 300 1587 luero
315 1547 378 1587 subito
392 1546 414 1587 fit
430 1546 483 1588 dives
498 1559 577 1599 egenus.

87 1632 89 1635 ⁴
127 1615 214 1654 Vicinam
228 1614 329 1653 faecundat
342 1615 432 1659 humum,
447 1615 546 1664 pascitque
560 1614 660 1656 volucres,

128 1682 181 1731 Quas
195 1681 297 1734 perhibent
312 1687 363 1722 ortas
377 1681 431 1721 illine
447 1694 491 1721 eum
504 1681 590 1733 piscibus
606 1691 660 1725 esse,

124 1751 256 1801 Dissimilique
270 1755 334 1789 tamen
347 1755 425 1790 naturae
437 1750 481 1800 jure
495 1755 607 1794 mouentum

124 1818 170 1859 Plus
185 1818 255 1858 etenim
269 1817 376 1857 dominatur
391 1819 419 1858 eis
434 1831 491 1869 quam
504 1818 590 1868 piscibus
606 1826 691 1867 aequor,
725 1817 731 1819 “
802 1816 804 1824 ’

125 1884 180 1926 Unde
195 1885 249 1926 leres
264 1885 340 1924 excelsa
353 1889 421 1936 petunt
434 1883 468 1937 per
482 1886 539 1926 inane
553 1885 645 1926 velantes.

180 2012 217 2056 „m
230 2008 314 2061 pisees³
328 2021 376 2056 suus
390 2010 459 2056 humer
474 2011 513 2061 agit
526 2010 651 2061 reprimitque
667 2008 702 2049 sub
717 2005 784 2059 undis,

124 2080 165 2121 Nee
179 2067 240 2118 sinit*
253 2083 275 2118 ut
289 2079 351 2123 vivant
365 2077 410 2123 dnm
424 2079 476 2118 sicea
490 2077 534 2117 lure
548 2078 640 2118 fruuntur.

124 2147 165 2186 Hos
181 2155 257 2197 queque
271 2157 306 2196 per
320 2146 396 2195 speeies
412 2146 495 2185 distinxit
509 2146 572 2202 faetor
586 2156 658 2192 eorum,

124 2214 252 2265 Naturamque
267 2213 321 2253 dedit
335 2213 440 2260 distinctis,
455 2213 507 2253 unde
521 2225 556 2264 per
570 2224 638 2255 aerum

124 2281 207 2324 Mirandi
221 2280 306 2328 tierent,v
316 2283 458 2334 aegrotantique
473 2282 565 2322 salubres.

126 2416 159 2457 Set
173 2416 235 2457 reddit
248 2427 319 2457 ederes
331 2416 403 2468 jugiter
416 2417 514 2466 vescentis
530 2418 624 2474 uuellest

125 2485 150 2524 At
165 2484 197 2535 qui
210 2496 281 2525 nemen
294 2485 351 2524 habet
365 2484 434 2530 timeus
450 2486 473 2526 de
487 2485 534 2525 flore
549 2487 674 2535 timellus‚

126 2552 158 2591 Sin
173 2551 264 2604 quoniam
276 2552 360 2598 redolet,
375 2540 487 2599 vescentem
502 2555 577 2604 saepius
592 2554 625 2599 illo

124 2620 226 2666 Protrahit,
241 2623 262 2659 ut
276 2619 323 2659 tates
339 2620 388 2666 oleat
401 2634 436 2672 per
449 2621 527 2661 flumina
540 2622 624 2673 pisces.“

171 2780 189 2821 t)
201 2779 366 2827 Godercumque
390 2785 408 2827 2)
424 2784 479 2829 Lege:
497 2785 588 2820 abunde.
610 2784 680 2828 3Jd1ss.
698 2787 756 2822 habet:
773 2789 855 2832 piscis.

125 2839 146 2881 i)
158 2839 222 2881 Sunt,
234 2837 261 2872 Pr.
273 2838 304 2873 Ed.
