1807 3145
116 189 155 235 134
278 226 281 230 ,
416 183 480 219 Enoobi
492 184 539 219 libor.

170 299 190 348 5)
204 297 292 345 Michael,
306 310 356 340 unus
366 311 389 339 ex
399 301 471 340 sanctis
481 300 560 358 angelis,
575 300 607 351 qul
618 299 739 351 {praelectus}
750 301 844 344 humanae

115 368 187 416 xlrtuli,
205 367 314 406 nationibus
328 367 413 416 imperat.
535 358 537 360 ’

170 434 191 482 6)
206 435 302 481 Sarabiel,-
313 446 362 474 unus
377 445 400 474 ex
415 435 485 474 sanctis
501 436 579 486 angelis,
595 436 627 485 qni
641 434 731 485 [praeest]
747 434 845 487 spiritibus

115 501 198 549 illiorum
211 503 322 549 hominnm,
342 504 374 555 qui
387 507 475 554 peccant.
729 508 731 514 '

171 570 191 617 7)
206 570 293 616 Gabriel,
317 582 366 609 unus
386 581 408 609 ex
423 571 494 615 sanctis
515 570 599 621 angelis,
624 569 656 620 qui
672 560 763 627 [praeest]
784 569 847 615 linear,

116 637 206 700 Racili-⁵⁰
221 641 240 699 ct
255 637 362 692 §lumbum
415 651 434 677 γ

415 749 476 794 CAP.
497 748 544 791 XXI.

9 843 24 874 'x
47 863 51 867 -
103 851 118 877 'x
168 841 192 888 t)
206 839 257 879 Turn
270 825 443 892 circrrrrrir’iusque
458 853 496 892 qno
510 842 587 893 perveni
599 840 622 879 ad
635 841 706 886 locum,
721 842 740 895 in
752 853 789 892 quo
804 842 850 881 nihil

121 910 237 959 completum
252 913 297 948 erat.
743 961 745 964 ᾖ

175 977 196 1023 2)
209 978 234 1016 Et
247 976 274 1014 ibi
287 977 325 1016 vidi
338 988 402 1026 neque
417 976 532 1026 stupendum
553 988 601 1026 opus
617 976 688 1016 excelsi
702 964 766 1020 coeli,
787 985 851 1024 neque

118 1044 233 1084 ,constitutae
242 1047 310 1089 terrae,
325 1042 361 1081 sed
372 1043 436 1081 locum
448 1042 551 1088 desertum,
565 1048 698 1093 praeparatum
712 1048 731 1082 et
741 1042 852 1082 terribilem.

173 1110 192 1158 3)
207 1110 235 1151 ibi
249 1111 306 1150 eliam
320 1110 359 1149 vidi
374 1115 448 1161 sepiem
462 1110 527 1150 stellas
543 1111 593 1149 coeli
606 1122 643 1149 una
659 1111 769 1161 colligam,
790 1111 850 1150 instar

120 1188 234 1227 magnorum
244 1177 339 1215 montium
354 1181 373 1215 et
388 1168 472 1216 ardentis
483 1178 539 1227 ignis.
557 1176 607 1221 Tum
622 1189 658 1227 ego
672 1176 783 1217 exclamavi:
799 1176 853 1227 cujus

121 1245 207 1284 oriminis
228 1256 286 1283 causa
299 1245 374 1284 vinctae
394 1249 448 1289 sunt,
474 1249 493 1282 ei
512 1256 546 1282 cur
560 1249 645 1282 semotae
664 1244 684 1281 in
702 1245 753 1282 hunc
772 1244 854 1282 locum?

123 1311 183 1357 Uriel,
198 1322 248 1350 unns
263 1322 286 1349 ex
301 1311 372 1349 sanctis
387 1311 465 1361 angelis,
481 1311 513 1361 qui
526 1321 604 1349 mecum
618 1314 667 1353 erat,
682 1322 752 1361 meque
767 1309 854 1355 ducebat,

85 1374 87 1379 ’
120 1378 232 1429 respondit:
247 1378 325 1424 Enoch,
341 1389 376 1416 cur
388 1378 506 1429 interrogas:
527 1389 561 1416 our
574 1382 639 1417 tecum
653 1377 751 1417 meditaris
767 1382 786 1417 et
800 1377 854 1416 anxie

121 1444 220 1496 inquiris?
242 1444 283 1484 Hae
298 1448 343 1483 sunt
356 1444 400 1483 illae
414 1444 486 1490 stellae,
501 1456 549 1495 quae
564 1444 641 1484 Maximi
656 1444 692 1483 Dei
703 1444 780 1494 jussura
793 1451 855 1484 trans÷

121 1524 202 1563 grassae
217 1515 268 1555 sunt,
284 1516 303 1549 ct
316 1512 348 1554 hic
362 1512 438 1549 vinctae
449 1511 524 1569 jacent,
540 1507 602 1557 donec
616 1511 686 1556 infiniti
699 1524 774 1569 poenae
789 1524 855 1551 eorum

123 1579 164 1628 dies
179 1578 307 1617 consummati
321 1581 381 1616 erunt.

176 1645 196 1694 4)
210 1643 256 1685 inde
270 1643 358 1695 processi
372 1641 396 1683 ad
410 1642 490 1684 alterum
504 1644 610 1685 terribilem
623 1645 699 1691 iocnma

178 1713 198 1762 5)
213 1711 250 1751 Ubi
264 1711 303 1752 ridi
322 1723 370 1763 opus
390 1712 454 1762 magni
472 1712 522 1763 ignis
544 1712 627 1752 ardentis
647 1717 667 1753 et
687 1712 799 1764 gliscentis,
824 1714 856 1764 qui

128 1780 203 1821 medius
224 1784 264 1830 crat
284 1779 362 1829 divisus.
400 1780 504 1826 Columnae
524 1781 592 1832 igneae
611 1780 747 1830 concertabant
765 1780 814 1818 inter
834 1793 856 1819 se

125 1860 187 1898 usqne
207 1846 231 1887 ad
250 1845 308 1885 finem
328 1846 405 1898 abyssi,
430 1851 449 1898 et
468 1848 516 1887 altus
537 1851 576 1896 erat
590 1858 656 1893 earum
674 1847 787 1894 descensus.
817 1847 856 1896 Sed

125 1909 187 1965 neque
202 1926 312 1966 mensuram
326 1926 389 1966 neque
404 1914 554 1965 magnitudinem
572 1927 638 1954 earum
656 1915 755 1966 explorare
768 1913 855 1965 poteram

124 1994 187 2033 neque
203 1977 297 2032 originem
312 1974 468 2021 animadvertere.
497 1981 546 2020 Turn
561 1981 674 2023 exclamavi:
696 1993 752 2033 quarn
767 1983 855 2022 terribilis

124 2054 155 2094 esi
168 2050 199 2098 hic
212 2051 277 2093 locus,
296 2053 315 2086 et
330 2061 386 2098 quarn
401 2048 482 2087 difficilis
497 2049 606 2099 exploratu!

181 2116 200 2167 ii)
213 2112 272 2158 Uriel,
285 2125 335 2153 unus
350 2126 373 2153 ex
387 2108 460 2163 sanctis
470 2115 550 2172 angelis,
566 2116 598 2164 qui
609 2127 686 2166 mecum
697 2120 742 2161 erat,
757 2116 856 2169 respondit

127 2189 146 2224 ct
160 2183 217 2233 dixit:
238 2183 315 2233 Elealeh,
337 2195 371 2231 cur·
388 2184 456 2224 horres
476 2196 498 2224 ac
513 2185 587 2224 miraris
601 2184 705 2224 terribilem
719 2185 770 2223 bunc
785 2185 856 2231 locum,

122 2253 236 2303 adspiciens
257 2251 305 2291 hanc
327 2250 403 2302 [aream]
424 2251 511 2291 doloris?
540 2252 587 2302 Hic,
609 2253 645 2297 ait,
667 2257 697 2299 est
715 2263 782 2299 narsen
801 2263 857 2304 ange-

125 2320 199 2373 lorum,
219 2323 239 2370 et
251 2319 282 2370 iric
297 2319 410 2373 detinentur·
421 2320 440 2369 in
455 2325 559 2369 aeternum,

345 2431 381 2494 0))
387 2432 407 2472 Ρ.
428 2431 482 2479 XXll.
512 2432 571 2484 [Sect
587 2432 608 2471 V.
616 2430 629 2482 ¹]

183 2511 202 2558 1)
216 2509 261 2568 inde
282 2512 368 2559 processi
387 2508 487 2551 ad'alium
505 2511 582 2556 locum,
603 2510 636 2549 ubi
650 2521 717 2550 versus
737 2510 858 2550 occidentem

127 2577 164 2618 ridi
178 2580 263 2626 montem
282 2588 372 2629 magnum
386 2583 405 2617 ct
419 2579 525 2627 excelsum,
550 2577 627 2621 arduam
641 2589 718 2628 runem,
743 2582 762 2620 et
777 2581 858 2627 quatuor

128 2646 230 2694 laetissima
245 2646 372 2695 receptacula
666 2634 667 2637 ¹

129 2735 258 2743 ,θ’-...κω

173 2795 190 2839 1)
202 2795 252 2836 Paris.
265 2795 294 2839 lig,
