1807 3145
369 222 433 256 Errochi
444 218 492 255 liber.
674 270 677 277 Ι
755 230 794 267 233

108 337 141 384 23)
156 337 208 375 Haec
223 342 267 376 sunt
281 348 347 376 eorum
367 339 442 378 nomina
462 336 582 384 erudires,
608 343 627 378 et
642 338 734 388 [nentina]
751 337 795 377 duc-

68 411 138 448 torum,
164 403 195 452 qui
210 413 253 441 curn
267 404 290 441 iis
306 408 359 449 suxit,
384 416 460 450 eorum,
486 406 518 455 qui
536 406 631 456 principes
652 410 696 444 sunt
709 406 795 449 millium,

68 470 147 515 uellet,
163 469 220 517 Keel‚
235 471 289 511 Heel.
521 512 525 517 ,
620 511 625 516 ,,

107 536 140 584 24)
154 537 177 576 Et
191 551 261 577 nomen
277 537 334 577 additi
349 538 402 577 duris
417 539 499 578 millium
512 543 542 579 est
557 540 646 590 Asphael.

108 605 140 653 25)
155 605 201 645 Dies
217 604 296 644 dominii
311 605 352 655 ejtrs
368 607 457 658 eornpleti
472 612 531 647 sunt.-

259 728 321 767 CAP.
340 726 427 767 LXXXII.
458 730 513 778 [sect.
528 728 575 769 XVl.
585 728 599 777 1Ι

125 818 141 865 Ι)
156 819 179 858 llt
193 831 243 858 rrvvrrc
258 820 302 866 tibi,
325 821 351 859 mi
366 820 392 858 fili
406 820 517 867 Mathusala,
533 820 637 871 quamlibet
651 821 725 859 ostendi
740 823 796 861 visio-

70 898 119 929 nem,
135 897 191 936 quam
205 888 244 926 vidi
258 893 301 926 ante
315 893 340 927 te.
355 890 406 927 Duas
422 889 467 927 alias
482 889 525 933 vidi,
541 894 642 938 antequam
657 890 796 929 matrimonium

69 954 146 997 inirem,
163 965 241 1003 quarum
256 957 314 994 altera
328 957 378 995 haud
393 957 459 995 similis
474 958 532 996 alteri.

123 1019 142 1067 2)
156 1021 218 1059 Prima
239 1026 287 1066 erat,
310 1022 342 1060 vibi
356 1022 468 1072 scripturam
488 1022 556 1068 didici,
580 1023 637 1062 altera
659 1026 759 1073 antequam
777 1023 797 1059 in

69 1088 208 1126 matrimonium
223 1089 266 1127 duxi
280 1094 359 1129 matrem
373 1083 431 1129 tuam.
460 1091 549 1141 lnge-ntes
564 1092 660 1136 visiones:

124 1153 143 1200 3)
157 1155 180 1194 Et
194 1155 218 1193 vie
232 1156 262 1193 his
277 1157 333 1194 rebus
348 1157 463 1206 interrogavi
478 1158 588 1196 Dominum.

125 1221 144 1268 4)
159 1222 254 1262 Procubui
268 1224 290 1262 inv
303 1223 331 1263 avi
346 1224 384 1263 mei
398 1223 504 1263 Malalelilis
519 1224 587 1270 dorato,
604 1225 662 1275 [carru]
678 1213 765 1263 videbam
778 1223 798 1261 in

68 1287 142 1325 visione
157 1289 233 1326 coelum
247 1289 377 1328 inclarescens
392 1295 411 1329 et
424 1290 527 1339 abreptum.

124 1353 143 1401 5)
157 1354 181 1394 Et
201 1355 253 1394 humi
271 1355 400 1405 procumbens
415 1355 453 1396 vidi
466 1360 537 1397 terram
551 1369 561 1396 a
575 1368 643 1407 magna
657 1345 798 1407 abysso'devo-
848 1386 850 1389 .

70 1428 141 1468 ratam,
163 1428 182 1461 et
196 1425 271 1461 montes
287 1435 343 1474 super
358 1424 454 1463 montibus
469 1436 580 1474 suspensos.

124 1489 143 1537 6)
158 1490 222 1529 Colles
238 1490 352 1531 decidebant
366 1504 423 1542 super
438 1492 509 1537 colles,
529 1492 616 1531 excelsae
631 1492 709 1531 arbores
724 1491 799 1530 scinde-

70 1558 136 1596 bantar
152 1568 162 1595 a
176 1558 249 1595 truncis
265 1558 315 1602 suis,
337 1559 388 1597 etin
404 1570 427 1596 eo
443 1564 505 1602 erant,
530 1563 551 1595 ut
564 1558 661 1608 projectae
675 1559 695 1595 in
710 1558 800 1608 abyssum

70 1623 231 1673 demergerentur.

124 1688 144 1736 7)
158 1690 238 1739 Propter
257 1688 304 1728 haec
323 1700 359 1728 vox
378 1700 421 1728 mea
439 1683 560 1729 balbutiebat.
589 1690 696 1728 Exclamavi
717 1693 736 1727 et
751 1687 799 1725 dixi:

70 1762 119 1797 terra
133 1757 223 1808 perditur.
239 1756 287 1795 Turn
300 1767 346 1797 avus
355 1768 410 1796 meus
422 1748 510 1797 Malaleel
525 1757 585 1797 erexit
599 1768 636 1803 me,
651 1761 670 1795 et
684 1755 730 1794 dixit
743 1754 800 1792 milri:

72 1836 105 1863 eur
120 1824 168 1865 adeo
183 1824 290 1869 exclamas,
311 1825 338 1861 mi
351 1823 394 1862 filit
412 1829 432 1863 et
445 1835 503 1875 quare
518 1824 566 1864 adeo
581 1823 707 1864 lamentaris?

126 1892 145 1940 S)
160 1892 238 1932 Narravi
258 1892 276 1931 ei
297 1895 355 1930 totam
376 1886 482 1938 visionem,
508 1903 564 1942 quam
583 1891 672 1932 videram.
711 1890 735 1930 Et
756 1888 801 1928 dixit

71 1961 126 1999 mihi:
145 1971 202 2009 grave
217 1965 256 2004 est,
275 1959 370 2008 quodni,
391 1958 466 2003 militi,
486 1959 554 2004 vidisti,

127 2027 146 2074 9)
160 2028 183 2066 Et
197 2032 265 2077 potens
281 2030 310 2066 est
324 2026 372 2066 visio
384 2026 453 2065 somnii
468 2025 501 2073 tui.
516 2026 613 2078 pertinens
628 2024 652 2064 ad
666 2038 723 2064 omne
738 2036 802 2064 seere-

61 2099 111 2134 ttnn
126 2100 187 2134 terrae
201 2098 307 2144 peccatum.
337 2091 446 2132 Substantia
465 2092 507 2142 ejus
527 2093 547 2131 in
569 2092 658 2144 abyssum
673 2092 801 2143 dernergetnr,

72 2168 91 2201 et
104 2163 172 2212 ingens
186 2161 282 2211 pernicies
296 2160 333 2199 flet.

115 2228 146 2275 10)
161 2228 226 2274 Nunc,
248 2228 274 2265 mi
288 2225 325 2272 fili,
350 2239 406 2279 surge
427 2232 446 2266 et
460 2226 539 2277 implora
554 2220 615 2265 Deum
630 2227 702 2278 gloriae
717 2224 768 2273 [narn
782 2229 802 2263 tu

74 2309 94 2334 es
109 2295 190 2343 fidelisl,
205 2299 225 2333 ut
239 2294 336 2334 residuum
351 2296 467 2346 relinquatur
481 2296 500 2332 in
515 2299 569 2339 terra,
586 2299 604 2333 et
618 2306 642 2333 ne
657 2298 716 2333 totam
730 2293 801 2344 perdat.

73 2361 99 2403 Mi
114 2363 152 2409 fili,
175 2375 184 2402 a
200 2362 255 2410 coelo
270 2363 333 2401 omnia
347 2363 394 2402 haec
408 2364 427 2401 in
443 2363 497 2402 turns
516 2361 574 2407 fuant,
599 2367 618 2401 et
636 2362 655 2399 in
671 2367 720 2400 terra
735 2372 802 2413 magna

74 2432 110 2470 erit
125 2432 205 2472 eversio.
486 2429 491 2436 ²

115 2497 147 2545 11)
162 2497 211 2535 Turn
226 2508 328 2547 assurgens
343 2501 431 2547 precatus
447 2507 489 2534 sum
504 2501 524 2534 et
537 2496 635 2545 imploravi
650 2497 764 2541 Durniuum,
785 2501 803 2535 et

75 2565 142 2616 scripsi
156 2575 224 2616 preces
239 2575 291 2608 meas
306 2576 340 2614 pro
359 2564 424 2603 rnvrrnii
439 2563 602 2614 generationibus,
629 2562 691 2602 omitia
705 2562 744 2602 lilio
759 2575 802 2602 meo

75 2630 192 2672 Mathusalae
207 2631 309 2682 explicans.

116 2699 148 2747 12)
163 2701 243 2740 Etcum
258 2710 348 2750 egressus
364 2710 428 2740 essem
446 2699 504 2745 inira,
528 2702 547 2738 et
561 2699 636 2738 coelum
651 2699 726 2738 intuens
742 2698 803 2737 solem

77 2785 208 2794 w-

119 2829 135 2872 1)
148 2829 197 2864 Paris.
213 2830 241 2865 lis.
