1807 3145
363 159 402 198 lita
412 160 484 198 llerliui.

103 271 175 313 Evocat
188 285 199 313 e
213 274 265 317 bello
280 276 347 318 socios
361 277 466 327 llllerlinus,
482 283 501 320 et
514 279 551 320 illis

50 339 143 392 Praecipit
157 341 177 382 in
191 339 241 385 uaria
255 345 323 385 iratres
341 347 423 398 sepelire
436 336 520 400 capella:

49 408 188 462 Deplangitque
202 413 266 459 viros,
281 425 318 452 nec
334 419 398 454 cessat
411 414 492 456 fundere
506 401 572 456 tetus:

49 477 160 518 Pulverlbus
175 480 239 521 crines
254 482 338 534 spargit,
352 479 359 504 ¹
372 488 477 535 vestesque
491 484 581 532 rescidit,
592 481 608 517 ²>

48 549 71 588 Et
83 552 190 597 prostratus
205 549 258 589 humi
271 561 323 589 nunc
338 550 471 603 hac-illacque
485 538 562 593 uolutat
577 560 581 563 ’

49 613 126 655 Solatur
139 613 247 656 Peredurus
263 627 317 664 eum,
332 627 463 670 proceresque
478 619 587 673 ducesque3

48 682 87 722 Nec
102 682 143 724 vult
157 684 222 732 solari,
238 697 275 725 nec
289 685 348 726 uerba
361 687 460 737 precantia
473 688 529 728 ferre.
551 714 553 716 -

47 750 89 789 lam
103 750 162 792 tribus
178 755 262 793 emensis
277 752 381 795 defleverat
394 752 446 794 ille³
460 755 539 803 diebus,

47 820 191 871 Respueratque
206 822 270 867 elbora
285 827 350 863 tantus
365 822 421 863 dolor
435 829 509 865 usserat
522 825 587 866 illum:

47 885 92 925 Inde
107 887 249 935 ramsteins,
266 901 310 930 oum
323 894 352 932 tot
365 891 461 943 tantisque
476 892 562 944 querelis

46 956 97 994 Aera
111 955 236 1008 complesset,
252 958 312 1011 oepit,
328 957 430 1011 furtimque
444 959 527 1007 recedit;

46 1023 70 1063 Et
82 1023 130 1075 fugit
143 1024 167 1065 ad
182 1025 250 1073 siluas,
265 1039 303 1067 nec
316 1026 357 1067 vult
369 1026 461 1079 fugiendo
475 1027 546 1075 uideri,

46 1090 190 1143 lqgrediturque
204 1106 282 1141 nemus,
297 1095 405 1147 gaudetque
419 1096 479 1135 latere
494 1097 529 1136 sub
544 1097 608 1144 ornis;

46 1157 163 1211 Miraturque
177 1160 227 1201 feras
241 1165 343 1213 pascentes
358 1163 444 1214 gramina
458 1163 523 1203 saltus.

45 1224 100 1267 Nunc
115 1227 149 1268 has
164 1228 279 1282 insequitur,
294 1241 345 1270 nuuc
360 1241 418 1270 oursu
431 1232 524 1282 praeterit
537 1231 586 1272 illas.

45 1292 107 1334 Utitur
120 1296 222 1337 herbarum
235 1297 344 1344 radicibus;
357 1299 416 1338 utitur
429 1299 505 1346 herbis3

45 1357 107 1401 Utitur
121 1362 202 1403 arboreo
215 1363 288 1410 fructu,
303 1365 401 1415 morisque
415 1366 483 1405 rubeti.

44 1427 76 1466 Fit
89 1427 197 1469 silvester⁴
210 1419 280 1478 homo,
296 1434 350 1484 quasi
365 1433 418 1474 silus
433 1429 514 1473 editus⁵
529 1437 592 1480 esset,

44 1493 90 1536 Inde
104 1508 140 1548 per
153 1502 245 1539 aestatem
259 1502 328 1546 totam,
343 1500 430 1553 nullique
444 1504 560 1557 repertus‚3

45 1563 159 1617 Oblitusqne
174 1567 214 1612 sui,
230 1572 394 1620 cognatorumque
409 1580 499 1614 suorum,

43 1634 131 1681 Delituit,
146 1634 199 1676 silvis
214 1633 307 1675 abductus
321 1646 376 1675 more
392 1634 460 1674 lerino.

43 1702 69 1741 m
82 1714 126 1742 oum
140 1703 192 1744 venit
204 1699 276 1752 yems6
291 1702 400 1753 herbasque
414 1702 489 1740 tulisset
504 1705 524 1739 et
537 1712 605 1741 omnes

43 1769 141 1811 Arboreos
155 1771 238 1819 fructus,
253 1783 290 1812 nec
306 1782 343 1824 quo
357 1770 454 1815 frueretur
468 1770 560 1810 haberet:

43 1839 124 1880 Diffudit
137 1840 185 1880 tales
200 1839 310 1881 miseranda
323 1852 372 1881 uoce
388 1839 483 1892 querelas.
555 1862 556 1865 =

100 1972 167 2025 „Coeli
181 1974 255 2014 Christe
269 1974 333 2015 Deusl
348 1973 394 2025 quid
408 1973 476 2026 agam?
491 1985 527 2025 qua
540 1978 594 2026 parte
608 1973 680 2013 morari

44 2041 148 2083 Terrarum
161 2042 245 2095 potero?
260 2053 304 2082 eum
318 2042 345 2082 nil
361 2054 398 2094 quo
413 2053 482 2100 vescar
496 2031 565 2083 adesse
589 2078 591 2081 ,

43 2111 137 2164 inspicio,
152 2124 189 2151 nec
204 2123 283 2164 gramen
298 2111 362 2157 humi,
376 2123 413 2151 nee
427 2111 447 2151 in
462 2110 530 2151 arbore
546 2110 634 2163 glandes.

44 2178 93 2219 Tres
108 2184 175 2231 quater
189 2184 208 2219 ct
219 2179 276 2231 Juges
290 2183 382 2230 septenae
396 2190 453 2229 poma
466 2179 551 2219 ferentes

44 2247 188 2293 Hicsteterant
201 2248 257 2295 mali;
270 2259 322 2288 nunc
336 2259 376 2287 non
390 2251 449 2287 stant:
464 2258 510 2299 ergo
526 2246 569 2298 quis
583 2245 636 2293 illas,
688 2270 690 2275 s

45 2315 93 2363 Quis
108 2316 155 2355 mihi
168 2317 273 2366 surripuit?
288 2328 326 2367 quo
341 2315 436 2355 devenere
451 2315 547 2365 repente?

44 2381 99 2422 Nunc
113 2382 156 2422 illas
170 2382 237 2429 video,
252 2379 323 2421 nnrrc⁷
336 2394 387 2421 non:
402 2382 431 2420 sio
445 2383 482 2420 lata
495 2385 612 2432 repugnant,
658 2432 661 2434 q
715 2416 717 2418 .

45 2449 78 2491 Sic
94 2461 169 2503 quoque
184 2448 302 2490 concordant
316 2460 361 2489 oum
375 2448 420 2489 dant
433 2447 573 2501 prohibentque
586 2446 660 2491 ridere.

90 2631 108 2673 1]
120 2633 148 2666 Sic
159 2641 214 2665 carnes
226 2629 295 2663 codices
306 2633 374 2673 praeter
385 2627 525 2670 uetustissimum,
537 2629 556 2662 iu
568 2639 600 2675 quo
611 2628 674 2675 legitur
685 2629 779 2675 sparsis.

45 2687 63 2732 2)
75 2690 121 2735 Lego
134 2688 160 2724 vel
171 2687 288 2730 rescindit,
301 2686 328 2721 uel
340 2688 359 2731 [e
370 2697 386 2721 u.
404 2685 444 2728 215)
455 2686 551 2721 recidit.
578 2685 598 2726 3)
606 2686 648 2723 blus.
664 2688 779 2735 polychronici

45 2745 114 2792 legunt:
133 2748 187 2790 ipae.
214 2746 232 2785 l)
250 2744 302 2778 Iidem
321 2755 358 2779 mus.
376 2743 502 2779 siluestris
526 2744 544 2784 5)
556 2743 665 2780 discretore
682 2745 778 2788 dedituq

45 2802 65 2846 6]
78 2806 105 2838 Sic
117 2814 152 2838 mes.
164 2815 205 2848 pro:
217 2803 300 2845 hyems.
324 2801 344 2844 l)
355 2803 393 2838 lllss.
406 2808 465 2838 vetus:
477 2811 523 2837 nee.
