1807 3145
328 191 367 234 Vita
378 188 451 225 lllerlini.

22 308 47 348 nt
62 298 128 350 eontra
142 308 357 364 staguurn:Syge11tert
371 309 439 351 Indica
449 309 516 357 tellus,
578 339 580 342 <

24 377 67 424 Quo
82 388 113 416 res
127 378 178 418 nulla
189 382 254 431 natat,
269 383 300 418 set
313 379 408 430 mergitur
417 379 470 417 iliieo
484 376 565 416 inridet.
585 408 587 410 ,

22 445 46 486 Et
60 444 160 486 laens'est
173 446 227 492 Aloe,
244 458 281 500 quo
296 458 327 487 res
343 459 383 486 non
396 446 488 499 mergitur
501 445 558 491 ullas
612 455 614 457 ’

24 513 92 553 Omnia
107 519 137 554 set
150 514 224 555 fluitant
238 517 323 566 quamvis
338 517 376 555 sint
389 515 479 565 plumbea
489 526 553 560 vsareu¹
598 526 600 528 ’

22 581 74 621 Fons
90 595 166 635 quoqne
180 582 282 625 Marsitliae
297 582 396 635 compellit
410 594 454 623 saxa
470 574 541 623 natata.
575 615 577 617 v
680 592 682 595 ’
721 581 730 588 ”

24 647 70 699 Styx
84 647 152 690 fluvius
167 650 190 689 [io
205 663 252 701 rupe
266 650 319 696 flrrit,
334 651 447 701 perimitque
463 650 563 696 bitlentes;
603 682 604 685 ,

24 714 64 757 llas
79 716 143 758 clades
158 716 199 768 ejus
213 721 293 760 testatur
307 717 391 759 thadia
405 718 468 759 tellus.

24 784 76 824 Fons
90 784 188 826 Yainrnens
204 792 270 839 quater
284 786 394 827 immutando
410 787 489 839 diebus,
547 816 548 819 ,

24 852 74 892 Mira
88 854 141 904 lege,
157 866 203 894 suos
217 855 276 894 fertur
290 856 362 895 variare
378 856 464 900 eolores;

24 919 170 961 Pulvernlentus
185 922 249 968 enim,
264 922 369 974 viridisque
383 922 414 967 fit,
430 922 496 963 ordine
511 933 594 968 verso‚·
627 953 629 955 v
668 946 670 948 -

25 987 55 1030 Fit
70 1000 147 1042 quoque
162 991 289 1043 sanguineus,
306 990 327 1032 fir
339 990 429 1043 limpidus
444 1002 500 1031 amne
515 989 597 1046 tleeoro:
618 981 628 1032 J

25 1058 52 1098 ur
66 1058 95 1097 his
110 1070 145 1109 per
159 1063 225 1100 ternos
240 1072 298 1100 arrium
314 1061 396 1101 retinere
411 1062 500 1101 'eolorem
593 1049 595 1051 ‚

26 1124 125 1164 Asseritnr
138 1138 223 1173 menses,
240 1140 316 1177 semper
331 1129 451 1168 volventibus
466 1129 527 1168 annis.

26 1191 106 1243 Rogotis
121 1192 174 1233 laous
190 1197 229 1239 est;
244 1193 285 1243 ejus
301 1205 378 1246 (proque
392 1193 470 1245 profluit
483 1192 546 1240 sarreia,
576 1235 578 1238 ,

27 1259 66 1299 Ter
80 1260 101 1300 frt
114 1273 177 1302 amara
192 1262 234 1309 (lie,
250 1267 279 1320 ter
293 1263 343 1303 altrici
358 1269 410 1316 grata
425 1276 500 1315 sapore.

26 1327 78 1379 Epiri
93 1327 116 1368 tle
131 1328 183 1370 fonte
197 1331 249 1370 trees
264 1332 330 1372 ardere
344 1333 445 1373 feruntur>

26 1395 135 1440 Exarmare,
151 1407 255 1447 rursusque
271 1408 326 1437 suurn
341 1397 438 1448 deponere
452 1399 523 1438 iumen.

28 1464 62 1503 Sia
77 1464 142 1516 algere
158 1464 188 1505 uie
202 1465 312 1518 perhibetur
329 1466 372 1506 iens
389 1468 534 1511 Garamantum,

29 1532 61 1578 ut,
76 1533 119 1573 vioe
133 1538 253 1580 transversa,
268 1539 307 1575 tota
321 1536 429 1579 terrestere
444 1539 514 1580 noete,

29 1600 54 1639 Ut
69 1607 126 1651 neget
140 1613 240 1640 aeoessurn
255 1614 300 1652 prae
314 1604 386 1654 frigore
400 1615 484 1653 praeque
500 1602 570 1640 ealore.

31 1666 80 1707 Sunt
94 1672 112 1707 et
126 1680 186 1720 aquae
201 1668 273 1709 calidae
288 1670 360 1710 rnrrltos
373 1670 447 1710 fervore
461 1669 556 1710 minantes

30 1736 172 1788 Fervorernque
186 1737 269 1784 trahunt,
285 1737 330 1778 datm
344 1738 466 1789 perlabuntur
480 1737 556 1777 alumen
575 1753 578 1756 ⁴

31 1807 69 1846 Aut
83 1805 171 1856 sulphur,
187 1806 254 1856 quibus
270 1806 342 1847 estus
356 1806 412 1857 ignea
427 1809 478 1857 grata
492 1802 587 1844 metiendi.
632 1838 634 1840 ,

31 1871 67 1911 liis
82 1872 162 1922 aliisque
176 1872 228 1911 Deus
244 1872 308 1912 [litavit
321 1873 392 1912 uiribus
408 1878 484 1917 amnes,

31 1939 56 1981 Ut
69 1939 137 1980 fierent
151 1941 213 1992 aegris
228 1940 301 1980 subitae
316 1939 410 1980 inertioina
425 1939 501 1984 salutis,

31 2009 55 2049 Et
67 2009 218 2054 manifestarent,
235 2014 303 2059 quanta
316 2009 385 2049 virtute
399 2008 478 2047 Creator

31 2076 152 2115 Praemineat
165 2075 231 2121 rebus,
248 2075 293 2115 tiaran
307 2078 336 2115 sio
351 2081 439 2126 operatur
452 2075 473 2114 in
486 2074 531 2115 ilus.

32 2142 73 2183 Hos
88 2145 145 2183 etiam
159 2144 226 2183 latices
241 2154 315 2183 sumina
330 2144 403 2183 ratione
418 2141 504 2182 salubres
541 2157 542 2160 ¹

32 2210 81 2250 Esse
95 2223 150 2258 reor,
166 2210 285 2262 subitamque
300 2222 344 2249 reor
359 2209 446 2250 oonferre
460 2207 566 2262 medelam,

32 2279 87 2318 Nune
100 2283 181 2329 potuere
195 2290 246 2320 rrovo
260 2279 288 2317 sie
303 2277 423 2329 errrmpendo,
436 2277 517 2328 liquore.

32 2348 57 2387 Hi
71 2348 129 2385 modo
144 2348 179 2385 sub
193 2350 243 2385 terra
257 2359 292 2396 per
306 2358 389 2384 ooneava
404 2356 463 2383 eoeea
477 2344 572 2388 fluebant,

33 2415 58 2458 Ut
70 2415 135 2467 piures
150 2414 187 2459 alii,
202 2414 234 2465 qui
248 2413 361 2453 snbrnanare
375 2413 470 2458 ferentum

33 2484 122 2524 Forsitan
136 2493 227 2523 eretusus
241 2481 318 2521 iliorum
331 2481 467 2532 praepediente

35 2553 108 2595 Obice,
123 2550 153 2590 vel
168 2550 217 2593 sari,
233 2549 263 2589 vel
277 2553 340 2589 terrae
354 2546 445 2599 pondere:
454 2546 526 2597 lapsae.
584 2595 586 2598 v
651 2563 653 2566 >

34 2617 173 2669 Retrogratlurn
188 2627 266 2654 oursurn
280 2614 372 2665 iacientes
387 2614 467 2654 arbitror
480 2613 526 2652 illos

34 2686 126 2728 Paulatim
140 2687 252 2738 penetrasse
267 2682 330 2722 solum
343 2681 455 2733 feralemque
470 2681 553 2734 (legisse.

36 2754 69 2794 Sie
83 2755 148 2806 plures
163 2750 317 2800 mauresium,
332 2752 440 2803 iterumque
455 2750 520 2790 redire

37 2820 76 2863 Sub
91 2825 172 2870 terram,
187 2829 292 2871 rursusque
306 2816 451 2860 stras'tenuisse
467 2819 578 2859 earer·nas;“

568 2885 595 2925 26
604 2880 617 2906 'f
