1807 3145
366 138 429 173 Enoehi
441 139 488 173 liber,
749 144 789 183 239

105 254 138 301 35)
152 252 254 305 Luposque
266 250 347 292 caedere
358 253 426 305 coepit,
443 252 474 305 qui
485 251 587 300 ululabant,
602 252 637 293 sed
647 264 693 294 oves
702 255 799 295 tacebant.

62 334 124 374 neque
140 322 207 361 abhinc
222 321 380 362 vociferabantur.

102 389 137 437 36)
151 388 175 428 Ε)
184 401 231 428 ecce
240 389 285 435 ridi,
302 388 353 440 quod
362 389 405 429 illae
415 401 426 429 a
437 390 487 442 lupis
498 390 617 442 emigrarunt.
633 389 690 429 Oculi
701 390 790 441 luporum

62 455 116 495 coeci
131 459 194 501 erant,
216 461 235 495 ct
249 456 335 495 exierunt
350 467 434 507 ovesque
448 458 493 496 totis
508 459 547 496 suis
562 458 632 498 viribus
650 458 790 507 persequeban-

61 530 95 564 tur.
111 521 151 561 Sed
163 522 258 562 Dominus
273 524 335 564 ovium
350 535 393 562 curn
407 524 432 562 iis
446 523 603 575 progrediebatur
618 534 689 573 easque
704 523 789 563 ducebat.

103 589 139 640 37)
155 590 227 631 Omnes
243 589 285 640 eJ'us
299 602 346 632 oves
361 603 405 631 eum
420 591 553 643 sequebantur.

102 659 137 705 38)
152 658 219 698 Vultus
237 658 279 707 ejus
300 658 390 698 terribilis
406 658 460 709 [erat]
480 664 499 700 et
516 659 627 711 splendidus
643 664 662 698 et
676 658 789 710 magnificus

62 727 102 777 ejus
118 725 225 778 adspectus.
253 728 341 767 Attamen
359 727 399 779 lupi
418 740 463 768 ores
482 728 573 780 persequi
588 731 702 779 coeperunt,
727 725 789 765 donec

62 805 93 833 eas
107 795 126 832 in
141 793 214 844 aquae¹
228 795 271 832 lacu
285 795 369 833 assecuti
384 798 434 834 sunt.
622 797 626 809 “

103 858 138 909 39)
154 859 203 900 Tum
217 860 271 901 lacus
285 859 322 900 iste
338 859 410 902 diuisus
425 866 465 907 est,
488 861 542 913 aquis
558 871 623 900 coram
635 860 660 899 iis
674 860 694 899 in
708 864 794 910 utroque-

60 928 119 966 tatere
134 927 209 967 erectis,

104 996 140 1041 40)
155 996 178 1034 Ε)
191 996 285 1034 Dominus
301 997 368 1041 orium,
385 998 417 1046 qui
432 1008 464 1036 eas
480 997 571 1042 diluebat,
586 997 635 1035 inter
648 996 704 1045 lupos
719 1006 789 1043 easque

62 1075 83 1100 se
97 1061 161 1112 ipsum
175 1061 280 1100 collocavit.

102 1129 137 1177 41)
152 1129 199 1180 Lupi
211 1133 274 1168 tamen
287 1140 332 1168 ores
345 1140 383 1168 non
397 1135 541 1181 ccnspeuerunt,
557 1129 592 1168 sed
603 1129 686 1168 medium
699 1128 718 1166 in
727 1128 791 1165 lacum

59 1197 142 1248 ingrcssi
156 1196 320 1248 persequebantur
335 1209 379 1242 eas,
398 1202 476 1248 etpost
490 1210 523 1237 eas
537 1199 556 1237 in
572 1209 630 1249 aquas
644 1187 730 1236 ruebant.

101 1266 137 1311 42)
154 1264 193 1303 Sed
207 1264 239 1302 ubi
249 1265 352 1303 Dominum
362 1266 425 1305 ovium
437 1265 530 1311 viderunt,
543 1267 630 1306 conversi
645 1270 695 1310 sunt,
709 1268 730 1303 ut
741 1263 792 1303 auiu-

61 1335 129 1381 gerent
143 1332 165 1369 ab
181 1330 223 1380 ejus
237 1332 290 1369 facie.

100 1398 136 1446 43)
153 1397 202 1436 Turn
217 1410 265 1450 aqua
278 1398 331 1437 lacus
345 1397 420 1450 relapsa
435 1403 470 1444 est,
486 1404 506 1439 ct
520 1399 597 1450 quidem
608 1400 671 1439 subito
683 1398 790 1439 secundum

59 1468 143 1505 naturam
165 1475 224 1504 suam.
256 1465 279 1505 Et
300 1465 375 1504 irruens
394 1465 485 1512 increvit,
509 1465 572 1506 donec
591 1466 646 1517 lupos
661 1478 719 1518 super
735 1466 787 1506 terit..

58 1531 81 1571 Et
95 1530 133 1571 ridi
143 1543 226 1577 ornnes,
247 1531 279 1582 qui
294 1544 340 1572 oves
355 1532 452 1582 persecuti
467 1535 532 1583 erant,
552 1531 641 1572 fluctibus
656 1532 775 1574 submersos.

100 1598 137 1644 44)
153 1596 192 1636 Sed
207 1608 252 1636 oves
272 1596 336 1636 lacurn
353 1596 469 1651 transierunt
487 1596 511 1634 ad
525 1595 623 1634 desertum
637 1598 789 1645 progredientes,

60 1664 111 1716 quod
132 1665 173 1706 sine
196 1675 243 1716 aqua
264 1668 283 1706 et
301 1665 386 1717 gramine
406 1668 450 1706 crat.
482 1664 506 1706 Ε)
525 1663 592 1703 oculos
612 1673 659 1700 suos
679 1662 752 1715 aperire
772 1666 790 1701 et

59 1734 123 1773 ridere
139 1725 250 1783 coeperunt.

100 1800 137 1848 45)
151 1799 174 1839 Ε)
190 1799 281 1850 conspexi
290 1799 394 1838 Dominum
409 1799 471 1838 ovium
483 1799 578 1839 visentem
590 1810 629 1845 cas,
644 1798 706 1850 iisque
721 1810 790 1851 aquam

58 1867 188 1916 praebentem,

101 1934 138 1980 46)
154 1932 201 1970 Curn
215 1931 247 1970 iua
262 1943 309 1976 ove,
331 1942 379 1982 quae
394 1932 476 1972 ducebat
490 1936 570 1972 ceteras.

100 2002 136 2048 47)
151 2001 174 2041 Ε)
187 2001 235 2040 hacc
251 2001 291 2040 oris
307 2002 346 2040 sani
361 2001 432 2040 excelsi
452 2002 527 2041 culmen
542 2000 638 2046 ascendit,
660 2005 679 2040 ct
694 2001 788 2041 Dominus

59 2070 122 2111 ovium
136 2080 178 2109 eanr
192 2068 245 2108 misit
260 2067 283 2108 ad
297 2068 349 2108 abas.

99 2136 135 2181 48)
149 2135 238 2173 Protinus
260 2135 363 2173 Dominum
382 2136 445 2175 orium
464 2135 502 2174 vidi
520 2141 601 2175 stantem
625 2148 689 2174 coram
708 2135 743 2178 iis,
770 2139 788 2173 et

58 2200 147 2241 terribilis
162 2212 184 2239 ao
199 2212 278 2239 severus
293 2205 333 2240 erat
348 2200 449 2252 adspectus
464 2199 512 2250 ejus.

101 2272 126 2309 49
150 2269 174 2308 Ε)
187 2269 219 2307 ubi
240 2280 286 2308 oves
307 2280 350 2307 eum
364 2269 463 2314 viderunt,
487 2270 597 2319 perterritae
617 2274 661 2307 sunt
675 2268 717 2318 ejus
733 2268 788 2308 vultu.

101 2338 137 2383 54))
152 2336 175 2375 Ε)
189 2335 306 2385 trepidantes
320 2336 435 2375 invocabant
448 2335 499 2375 illam
514 2347 581 2382 orem,
602 2338 621 2374 et
635 2335 724 2378 alteram,
741 2347 789 2386 quac

60 2414 102 2442 curn
117 2402 149 2442 iiia
162 2402 233 2448 fuerat,
258 2394 328 2451 etjam
342 2401 362 2439 in
377 2413 442 2440 earum
455 2400 519 2440 medio
535 2405 584 2446 erat,
610 2400 727 2449 [dicentes]·.
750 2412 789 2440 non

59 2469 143 2509 valemus
158 2480 222 2507 coram
236 2468 319 2507 Domino
334 2472 400 2507 nostro
415 2472 474 2513 stare,
490 2470 531 2508 sive
546 2480 589 2507 curn
604 2469 708 2519 adspicere.

100 2538 136 2587 51)
152 2537 201 2575 Turn
216 2537 257 2576 ovis
271 2536 308 2583 illa,
325 2548 373 2589 quae
388 2548 421 2577 eas
434 2536 534 2583 ducebant,
549 2548 626 2579 reversa
639 2538 708 2577 iterum
719 2535 778 2575 monti

60 2615 152 2644 cacumen
170 2601 272 2662 ascendit*

104 2738 121 2781 1)
134 2742 173 2773 nrari
185 2739 240 2775 rubro.
