1807 3145
385 154 447 188 Enoohi
460 154 506 188 iiber.
562 145 563 148 ¹
768 163 809 200 227

137 274 158 321 5)
174 271 252 321 Septem
267 272 316 309 titos
330 270 467 318 montes-ridi,
486 271 563 310 altiores
579 272 666 311 omnibus
680 277 741 312 terme
756 284 809 311 mon-

82 340 138 383 tibus,
154 351 165 376 e
180 338 249 389 quihus
264 338 336 389 glacies
351 338 393 382 exit,
409 338 453 378 dum
469 339 516 383 dies,
531 343 616 390 tempore
627 343 646 378 et
655 340 698 378 enni
708 338 810 378 discedunt

82 420 103 447 oe
118 410 244 456 praetereunt.
272 448 276 454 ¹
614 455 617 456 ⁷

136 473 159 517 o)
174 471 252 520 Septem
272 471 340 510 fluvios
359 471 378 508 in
398 476 448 511 terre
462 471 510 517 vidi,
535 471 623 509 omnibus
638 471 699 512 fluviis
717 474 808 530 majores,

82 550 162 592 quorum
176 550 225 579 onus
239 549 316 578 cursum
330 549 385 593 strum
399 539 464 591 inoipit
478 540 501 579 eh
517 538 628 585 occidente,
653 545 672 579 ot
686 539 705 579 in
714 530 809 591 'magnum

80 612 159 660 pontum
174 619 221 658 equa
236 606 278 657 ejus
293 604 364 645 defluit.

136 676 158 723 t)
175 674 218 714 Duo
233 687 244 714 e
259 674 390 726 septentrione
410 674 433 714 ed
446 679 525 726 pontum
539 674 608 722 ssmnrt,
632 680 650 716 et
669 686 729 727 equae
743 686 810 716 eorum

82 743 100 780 in
121 752 172 780 mere
192 741 316 792 Erythraeum
337 741 436 781 volvuntur
453 742 472 780 in
492 743 570 780 oriente.
599 743 622 781 Et
642 743 705 792 quoad
718 743 810 792 reliquos,

83 813 163 860 quotuor
176 814 302 860 prorumpunt
321 820 356 859 per
370 808 504 858 septentrionis
519 820 619 848 cavernam
638 807 662 847 od
676 820 731 847 suom
751 820 810 852 mere,

82 876 217 925 Erythraeum,
243 880 262 914 et
276 875 313 913 duo
327 874 431 913 funduntur
448 875 468 912 in
487 885 576 924 magnum
594 879 685 924 pontum,
708 875 740 913 ubi
755 875 811 914 etiam

83 943 180 983 desertum
195 954 239 982 esse
254 942 327 981 dieitur.
678 951 680 954 ’

137 1008 159 1059 S)
175 1010 254 1061 Septem
273 1020 350 1060 magnes
368 1008 439 1047 insulas
459 1009 478 1047 in
499 1013 558 1059 ponto
577 1013 595 1048 et
611 1008 663 1058 juxte
683 1009 810 1049 terremvidi.

84 1076 161 1127 Septem
174 1078 193 1115 in
208 1088 277 1127 magno
292 1079 357 1125 ponto.

365 1187 427 1228 CAP.
448 1186 535 1229 LXXVII.

140 1282 161 1329 1)
176 1280 257 1320 Nomine
272 1279 319 1318 solis
333 1279 381 1318 hoen
396 1283 450 1318 sunt:
465 1289 523 1318 unum
538 1278 626 1329 OrJeres,
642 1279 721 1319 aiterum
736 1279 812 1319 Tomos.

137 1347 159 1395 2)
173 1346 226 1385 Luna
241 1351 320 1396 quotuor
334 1345 391 1382 hehet
404 1346 486 1383 nomine.
508 1347 592 1384 Primum
606 1350 637 1383 est
646 1346 728 1394 Asonya,
743 1357 811 1383 seeun-

84 1413 128 1452 dum
141 1413 198 1458 sola,
218 1412 292 1451 tertium
306 1411 391 1456 Benase,
411 1415 430 1451 et
445 1415 530 1462 quartum
544 1413 598 1452 Ereti.

138 1480 160 1529 3)
175 1478 227 1518 Haeo
243 1483 286 1518 sunt
296 1477 333 1517 duo
345 1489 413 1530 magne
426 1478 531 1525 luminaria,
548 1491 629 1530 quorum
637 1478 694 1518 orbes
709 1484 754 1518 sunt
764 1480 814 1518 siout

59 1582 60 1585 ,
85 1548 141 1588 orbes
157 1547 217 1593 coeli,
238 1552 256 1586 et
269 1544 371 1597 utriusque
383 1545 514 1586 dimensiones
528 1558 584 1598 peres
599 1552 648 1586 sunt.

138 1616 160 1665 4)
176 1617 197 1656 ln
211 1615 256 1654 orbe
271 1615 317 1655 solis
333 1620 376 1654 sunt
390 1618 464 1665 septem
478 1614 554 1654 luminis
574 1621 648 1665 partes,
671 1628 719 1667 quae
739 1615 757 1654 ei
771 1614 813 1654 red-

84 1682 156 1723 duntur
177 1694 200 1722 ex
219 1682 269 1722 ione.
309 1681 419 1720 Secundum
439 1692 547 1720 mensuram
568 1683 623 1721 irruit
643 1683 682 1732 [lux
702 1695 713 1722 e
733 1683 775 1722 sole
793 1684 813 1721 in

83 1748 153 1798 lunam]
174 1748 235 1787 donee
256 1748 336 1799 septime
356 1747 447 1798 [luminis]
467 1747 514 1785 solis
532 1759 575 1798 pers
594 1749 645 1787 obiit.
679 1749 775 1788 Occidunt
795 1755 813 1788 et

84 1817 155 1856 intrant
168 1828 203 1866 per
216 1820 291 1866 pontem
306 1814 456 1860 occidentalem,
476 1814 595 1854 circumeunt
609 1827 643 1866 per
657 1817 812 1867 septentrionem,

84 1887 103 1922 et
116 1896 151 1935 per
161 1882 273 1923 orientalem
283 1887 358 1934 portem
370 1893 436 1922 rursus
446 1882 593 1933 progrediuntur
608 1894 666 1933 snper
677 1884 725 1923 coeii
739 1885 813 1923 faeiem.

139 1951 161 2000 5)
177 1951 224 1990 Cum
238 1950 282 1989 lena
297 1951 361 1996 oritur,
377 1955 453 2000 apparet
465 1950 485 1988 in
496 1950 563 1988 eoelo:
579 1954 598 1988 et
611 1950 709 1989 dimidium
720 1952 812 2001 septimae

81 2016 161 2070 »luminis
175 2017 233 2068 portis
247 2017 267 2054 in
282 2027 304 2054 ea
319 2014 370 2064 [est]¹

138 2083 160 2132 o)
176 2081 324 2129 Quatuordeoim
340 2080 420 2131 [diebus]
435 2084 496 2121 totum
510 2081 551 2130 ejus
565 2082 630 2121 iumen
646 2084 757 2133 completur.

138 2151 160 2199 7)
176 2149 224 2189 Tres
242 2150 291 2189 lueis
310 2149 411 2201 quiniones
428 2151 499 2190 intrent
513 2149 532 2187 in
547 2160 598 2194 eom,
624 2147 686 2188 donee
702 2149 812 2200 quindecim

85 2217 166 2267 [diebus]
181 2219 246 2257 lumen
260 2218 302 2267 ejus
317 2218 423 2266 completur
438 2216 545 2254 seeundum
560 2217 614 2266 signa
629 2217 682 2254 enm:
703 2221 742 2255 tres
756 2217 813 2257 hehet

85 2284 191 2333 quiniones.
255 2276 258 2279 Α

140 2352 162 2400 8)
176 2351 229 2390 Luna
244 2347 363 2400 [conspicuo]
378 2348 399 2388 m
413 2347 490 2387 dimidio
507 2348 598 2397 septimae
610 2349 686 2387 luminis
699 2351 798 2399 portionis.

139 2417 161 2465 9)
175 2418 298 2456 Deereseens
308 2416 397 2454 minuitur
409 2416 470 2466 primo
485 2413 516 2452 die
531 2419 596 2465 quarte
607 2414 681 2452 decime
694 2420 747 2465 porte
756 2417 812 2463 lueis,

84 2484 170 2523 seeundo
190 2484 220 2524 die
240 2489 294 2534 perte
313 2483 388 2523 decima
405 2482 470 2527 tertia,
495 2481 551 2520 tertio
569 2480 600 2519 die
620 2484 674 2532 porte
694 2481 812 2530 duodecima,

85 2555 150 2599 quarto
165 2551 196 2592 die
210 2555 263 2602 perte
277 2550 388 2597 undecima,
413 2551 478 2602 quinto
494 2548 614 2588 diedecima
627 2554 691 2604 perte,
712 2554 764 2589 sento
781 2550 812 2591 die

84 2627 134 2657 none
148 2625 206 2669 parte,
221 2618 302 2669 septimo
315 2619 345 2659 die
355 2619 446 2658 minuitur
456 2622 521 2658 octava
530 2621 588 2667 perte,
605 2622 671 2658 octavo
687 2617 717 2656 die
733 2619 813 2668 septime

84 2689 146 2730 porte,
162 2698 213 2724 nono
228 2684 259 2723 die
274 2689 326 2724 sexte
340 2690 406 2736 perte,
422 2684 496 2723 deeimo
512 2683 542 2722 die
557 2683 622 2733 quinta
636 2687 695 2733 parte,
709 2685 812 2723 undecimo

85 2745 116 2787 die
131 2756 195 2800 quarte
209 2756 271 2803 perte,
291 2751 407 2793 duodecimo
422 2752 453 2793 die
467 2752 522 2792 tertie
536 2755 600 2802 perte,
622 2749 697 2790 decimo
712 2753 767 2792 tertio
783 2752 813 2791 die

637 2816 682 2856 rot
