1758 3137
351 148 429 180 Ascensio
442 148 493 180 isaiae
506 150 547 181 tutis

137 264 173 310 24)
192 257 230 303 llt¹
253 267 380 301 commeatum
399 262 421 306 ii,
446 263 477 313 qui
495 269 569 314 portam
590 264 639 303 coeli
662 263 811 309 custoditurum,

81 333 234 384 postulaverunt,
255 335 274 371 et
287 331 381 369 Dominus
399 332 456 369 istum
471 331 523 371 dedit
537 333 570 379 iis,
593 337 614 371 ut
627 333 714 384 ignotum
735 337 812 372 etcum

82 401 169 439 viderent
183 412 237 444 curii,
253 410 290 436 non
306 398 470 442 collaudaverunt,
485 410 523 437 nec
538 401 682 439 celebraverunt
697 411 750 444 curn,
767 410 812 449 quo-

83 468 133 506 niam
148 465 189 515 ejus
204 467 263 505 forma
278 469 334 515 prout
349 476 415 503 eorum
429 465 496 505 forma.

139 536 174 582 25)
195 534 255 573 Porro
270 532 317 578 nidi,
334 543 377 571 cum
393 533 520 574 descenderet
534 537 553 574 in
568 534 673 574 secundum
688 534 773 580 coelum,
795 538 814 573 et

84 613 149 642 trusus
165 601 217 641 dedit
231 604 363 646 commeatum,
380 601 423 650 quia
435 601 454 646 ii,
471 602 502 652 qni
514 603 646 643 custodiebant
652 608 735 653 portam,
750 608 814 652 postn-

84 670 156 713 labant,
172 674 191 707 et
204 669 298 706 Dominus
314 666 374 705 dabat.

140 737 176 785 26)
195 736 276 782 dludi,
292 747 335 774 curn
349 739 430 774 inritatus
446 741 476 776 est
486 737 592 777 secundnm
602 739 682 777 tonnam
697 736 813 788 arigelorurn,

86 807 118 855 qui
132 805 151 843 in
165 804 251 843 secundo
266 803 332 847 coelo,
352 807 371 842 et
385 810 500 853 aspexerunt
514 817 568 851 eum,
588 805 623 844 sed
641 818 680 844 uon
696 804 814 854 collaudave-

87 879 130 913 runt
144 885 198 918 eum,
215 874 305 923 quoniam
320 872 362 921 ejus
376 872 436 910 lerina
450 878 507 923 prout
522 859 589 912 eornm
602 874 669 913 forma.

142 941 178 988 27)
199 941 258 987 Porro
273 938 311 978 vidi
326 950 379 984 erint,
399 950 443 978 earm
463 939 590 980 descenderet
603 942 623 979 in
638 941 719 992 primum
734 938 815 982 eoelum,

87 1015 106 1047 et
119 1009 146 1047 ibi
160 1008 212 1047 dedit
227 1001 355 1046 connneatnm
371 1008 404 1052 iis,
427 1008 458 1058 qui
478 1009 622 1049 custodiverunt
635 1012 717 1059 portam,
738 1010 757 1046 et
771 1006 818 1045 assi-

86 1076 161 1115 milatus
176 1080 206 1116 est
219 1075 291 1114 ferinae
305 1074 425 1125 angelorum,
442 1076 474 1130 qui
484 1075 560 1116 fuerunt
574 1076 671 1116 asinistra
681 1075 737 1114 istius
747 1073 817 1117 throni,

87 1148 106 1180 et
119 1155 158 1180 non
173 1144 328 1181 collaudaverunt
342 1155 391 1187 elllll,
407 1156 443 1181 nee
457 1144 601 1194 celebraverunt
611 1156 660 1191 euim
676 1146 766 1195 quomam
776 1143 818 1191 ejus

88 1210 148 1256 torma
162 1215 218 1261 prout
233 1222 299 1250 eorum
313 1208 378 1249 torota
751 1197 752 1200 Ἴ

144 1278 180 1327 28)
199 1280 223 1318 nt
242 1279 349 1333 meipsum
363 1291 420 1319 nemu
435 1271 559 1331 interrogavit
571 1285 648 1330 propter
664 1280 763 1331 angelum,
787 1280 819 1329 qui

91 1337 121 1385 nie
137 1345 223 1385 ducebat.

145 1413 181 1459 29)
200 1413 260 1451 Porro
280 1397 388 1451 deseendit
398 1415 418 1451 in
437 1413 587 1458 lirrnamentum,
612 1414 644 1452 utu
659 1415 748 1464 princeps
762 1412 820 1461 hujus

90 1480 156 1518 nmndi
170 1480 274 1526 habitabat,
296 1483 314 1518 et
329 1479 381 1519 dedit
395 1485 523 1520 commeatum
536 1481 570 1526 iis,
587 1481 619 1531 qui
634 1493 644 1519 a
659 1481 724 1527 sinitra
737 1479 819 1523 fuerunt,

91 1554 110 1588 et
124 1547 165 1598 eJ'us
179 1549 240 1587 forrna
253 1548 288 1587 fuit
304 1552 360 1597 prout
374 1559 450 1593 cortun,
471 1554 490 1587 et
507 1561 546 1587 nou
561 1548 716 1588 collaudaverunt
730 1546 821 1591 etmihi,

91 1615 127 1655 sed
145 1610 274 1666 pugnaciter²
295 1616 343 1654 alius
358 1611 415 1654 alium
429 1615 544 1662 trucidabat,
561 1629 605 1656 nam
619 1616 646 1655 ibi
661 1617 724 1656 existit
736 1618 822 1665 potestas

92 1682 146 1729 mali,
162 1687 182 1721 et
196 1684 334 1728 contentionis,
351 1695 399 1733 [pirae
413 1685 514 1734 parumper
529 1685 588 1722 clrrrat
671 1732 672 1735 Ἴ

148 1752 184 1799 30)
206 1750 289 1794 Elpidi,
306 1761 349 1787 cum
364 1749 494 1789 descenderet
509 1749 528 1788 et
538 1751 675 1789 assimilaretur
685 1751 756 1799 angelis
767 1752 823 1795 a'e'ris,

85 1824 113 1857 let
126 1817 159 1857 ille
172 1818 234 1857 factus
249 1823 280 1857 est
292 1823 350 1867 prout
363 1829 412 1857 uirus
428 1829 451 1856 en
464 1818 494 1856 iis.

147 1886 182 1934 31)
203 1886 226 1924 nt
240 1884 347 1926 nondedit
362 1890 499 1930 commeatum,
523 1887 566 1936 epula
581 1886 628 1923 alius
644 1885 701 1924 alium
716 1884 822 1935 diripiebat,

94 1958 111 1992 el
126 1952 195 2002 injuria
209 1952 308 1993 afficiebat.
801 1962 803 1964 ·

407 2099 468 2137 cnr
490 2098 519 2138 Xl.

153 2190 173 2239 1)
194 2190 217 2230 nt
230 2190 323 2240 posthaec
337 2187 386 2235 vidm
403 2193 421 2228 et
435 2189 524 2240 angelus,
540 2191 572 2240 qui
587 2191 693 2230 collocutus
703 2195 734 2244 est
743 2201 825 2230 mecum.

98 2260 128 2311 qui
142 2271 173 2297 rne
188 2257 249 2303 duxit,
270 2256 340 2307 inquit:
367 2256 467 2307 „intellige
482 2256 540 2296 isaias
560 2256 587 2296 lili
602 2258 672 2302 hines,
692 2269 735 2296 nam
749 2263 827 2308 parapter

100 2328 149 2373 „hoc
163 2327 234 2365 missns
248 2324 276 2363 fui
290 2335 300 2362 a
314 2323 377 2362 neor
548 2374 550 2376 v

154 2393 175 2438 2)
196 2393 219 2429 Et
234 2404 270 2442 ego
285 2391 351 2441 aspexi
365 2402 388 2428 ex
403 2390 462 2441 stirpe
478 2390 555 2429 havidis
570 2391 617 2429 vatis
629 2391 738 2436 mulierem,
754 2392 785 2430 eni
794 2403 829 2431 no·

48 2457 50 2460 ’
99 2471 144 2497 men
153 2459 222 2502 Maria,
239 2462 258 2496 et
270 2457 303 2495 illa
318 2462 359 2495 erat
372 2457 435 2507 virgo,
452 2460 471 2494 et
485 2456 639 2506 despondebatur
653 2457 703 2502 viro,
719 2457 749 2495 eui
758 2469 829 2497 nomen

99 2525 204 2576 Josephus,
224 2525 276 2563 fabro
296 2523 385 2576 lignario,
407 2528 427 2562 et
446 2523 479 2562 ille
499 2528 540 2562 erat
559 2536 570 2562 e
590 2524 664 2562 semine
679 2527 698 2562 et
712 2525 770 2576 stirpe
782 2524 829 2575 J'usli

100 2594 187 2640 Doridis,
203 2595 235 2645 qui
250 2580 277 2632 en
287 2592 399 2633 Bethlehem
414 2593 503 2631 Judneae.

148 2765 164 2804 1)
178 2766 267 2798 lrmrsilmn,
292 2767 310 2805 2)
324 2769 339 2797 in
353 2768 465 2799 urrritentionu
