1807 3145
312 158 339 192 lat.
352 157 406 193 editus
417 169 427 192 u
438 158 485 193 Rich.
498 158 595 193 tetricano,
773 167 819 205 ,157

90 273 200 317 existentiae
215 275 281 319 status,
294 272 344 313 iuter
353 277 434 331 mortem
446 278 465 314 et
476 263 569 332 judicium
582 271 712 324 interpositus,
730 273 819 319 distincte

89 342 209 396 praedicatur
227 346 246 381 et
260 339 379 381 describitur.
407 340 456 381 Num
471 340 555 393 singulas
574 339 630 392 hujus
644 334 741 398 doetrinae
755 347 819 394 partes

91 412 137 450 satis
159 413 259 462 perceptas
279 408 376 453 habuerit,
405 407 494 458 equidem
517 409 556 448 non
580 409 704 461 investigabo.
739 410 820 458 Qualem

91 481 154 517 autem
168 480 234 517 noster
249 476 336 520 exhibet,
351 474 393 514 talis
408 475 450 515 sine
465 474 523 514 dubio
537 474 564 514 illi
580 472 636 516 aetati
650 470 732 528 vulgaris
748 483 793 518 erat.

146 555 185 594 Sed
199 555 291 594 maximus
300 551 411 610 hujuslibri
421 555 467 592 usus
481 553 502 592 in
516 562 540 593 eo
556 553 663 597 consistere
676 546 753 601 ridetur,
770 554 821 607 quod

90 618 190 663 nobiscum
205 621 322 662 ludaeorum
337 619 360 660 de
370 619 443 679 Massia·
457 622 608 673 persuasionem,
623 621 716 674 integram
732 623 755 662 ab
769 623 822 661 omni

92 691 199 730 Christiano
214 682 286 735 studio,
310 689 443 727 communiens.
476 689 588 740 Priusquam
601 688 688 730 iustiliae
702 690 761 731 Filius
779 691 821 742 ipse

91 758 178 803 surrexit,
193 757 224 795 lui
236 755 259 796 ad
274 742 397 795 illustrandos
407 745 493 795 Gentiles
508 760 527 796 et
542 753 602 807 gloria
617 743 698 803 israelis,
713 746 796 799 Messias
811 768 822 795 a

90 825 157 864 nostro
176 827 254 865 vocatur
274 823 320 863 De'i
340 823 417 861 lilius.
451 824 480 862 Ao
500 827 538 863 ta'tn
558 823 673 863 familiariter
693 820 729 864 lios
750 827 822 863 nornen

91 892 108 932 ei
122 883 221 937 tribuitur,
243 893 345 941 utpar'um
359 890 440 928 dubitari
454 891 526 940 possit,
552 890 596 940 quiri
616 890 649 928 iilo
663 890 750 940 tempore
765 890 821 940 vulgo

91 962 169 1010 recepta
188 963 208 999 et
224 957 325 999 notissima
345 955 458 1009 significatio
477 956 538 996 luerit.
568 957 589 997 Si
608 956 675 997 ludaei
693 951 761 1010 postea
780 968 822 997 eam

93 1025 207 1077 rejecerunt,
222 1024 242 1065 id
256 1024 301 1065 inde
317 1027 378 1064 ortum
391 1024 514 1071 crediderim,
530 1025 581 1076 quod
594 1026 676 1065 maxime
690 1026 822 1065 abhorruerint

91 1094 114 1131 ab
130 1096 183 1132 omni
197 1088 288 1147 opinione
303 1098 322 1132 et
336 1093 470 1143 expressione,
484 1093 513 1133 rei
527 1093 644 1133 Christianae
657 1092 737 1134 favente.

146 1171 186 1211 Sed
205 1176 224 1211 et
243 1169 278 1210 alia
297 1173 404 1220 supersunt.
433 1169 515 1210 Messias
533 1181 573 1207 non
592 1168 654 1207 solum
674 1168 718 1207 uei
737 1168 820 1208 Filios

90 1243 178 1283 vocatur„
193 1250 259 1277 verum
274 1237 331 1277 etiam
346 1236 461 1276 describitur
475 1241 500 1276 ut
515 1237 627 1277 existens
641 1239 664 1277 iu
680 1238 752 1278 coelo
767 1242 821 1276 autc

92 1305 282 1356 apparitionem
303 1314 370 1341 suam
391 1303 419 1341 in
435 1308 509 1344 terra.
540 1305 587 1344 Nam
602 1306 655 1345 Deus
672 1307 701 1344 sic
721 1305 822 1354 alloquitur
853 1326 856 1329 -

91 1374 168 1413 liuram:
191 1372 233 1419 „Ab
248 1370 357 1410 hominihus
371 1375 391 1409 te
406 1370 499 1416 auferent,
519 1372 637 1412 et-manebis
652 1383 709 1422 porro
725 1365 769 1409 curn
782 1369 821 1409 tuo

90 1452 140 1485 meo,
156 1439 189 1478 ubi
204 1440 286 1479 existunt
299 1439 323 1484 ii,
339 1438 371 1488 qui
386 1442 430 1477 sunt
444 1437 494 1477 sicut
506 1443 536 1483 tu,
552 1450 613 1490 usque
628 1451 665 1490 quo
680 1439 755 1478 liniatur
768 1449 822 1477 rnun-
855 1452 857 1454 ·

91 1502 163 1545 dus.“l
190 1504 232 1545 Jam
253 1516 299 1546 xero
319 1507 393 1544 certum
408 1507 448 1550 cst,
472 1504 532 1543 Ezrae
551 1491 694 1544 translationem
711 1507 730 1543 in
746 1505 822 1543 coelom

91 1577 111 1612 et
123 1573 259 1612 habitationem
278 1583 323 1611 curn
336 1572 372 1611 Dei
393 1571 433 1611 lilio
453 1572 536 1611 describi
554 1577 575 1612 nt
588 1573 672 1623 priorem
692 1573 725 1611 lilii
742 1572 822 1612 descen-

92 1640 147 1679 sione
160 1640 180 1678 in
194 1637 322 1686 terram,'ubi
337 1638 372 1678 sub
386 1639 467 1684 humana
482 1640 559 1690 specie,
575 1639 599 1679 ad
612 1640 730 1680 revocandas
745 1637 821 1678 Israelis

91 1706 151 1746 tribus
169 1706 276 1757 dispersas,
302 1706 475 1757 addispellendos
494 1707 625 1753 adversarios,
650 1712 669 1747 et
685 1705 822 1758 perficiendam

92 1773 177 1812 omnium
199 1784 263 1812 rerum
282 1775 467 1813 consummationem
485 1780 579 1825 appareat,
607 1774 674 1813 iudaei
693 1776 758 1824 itaque
779 1779 822 1813 ante

92 1840 161 1880 Christi
181 1840 281 1880 adventurn
302 1840 408 1880 credidisse
427 1841 525 1886 videntur,
550 1840 643 1881 Massieni
662 1842 685 1881 ab
705 1842 728 1880 iis
744 1853 822 1891 exspec—

90 1912 159 1953 tatum,
182 1919 226 1947 esse
240 1906 300 1947 filium
314 1907 361 1954 Dei,
384 1912 404 1948 et
417 1913 460 1947 aute
480 1908 616 1959 apparitionem
630 1919 684 1947 suam
699 1909 718 1947 in
732 1908 788 1947 terris
802 1908 822 1946 in

92 1974 148 2014 coeio
162 1973 311 2025 praeexstitisse.
325 1975 365 2015 Nee
377 1975 439 2014 minus
450 1975 525 2015 Novum
536 1974 679 2014 Testamentum
687 1977 773 2022 testatur,
787 1986 822 2013 eos

91 2040 212 2080 Redemtoris
226 2040 294 2079 diebus
311 2041 364 2079 idem
378 2054 450 2080 nomeu
470 2041 534 2081 eidem
547 2045 624 2080 naturae
638 2040 714 2080 sublimi
728 2042 822 2082 tribuisse.

147 2116 202 2157 Haud
215 2130 246 2158 me
260 2117 317 2170 fugit,
331 2131 370 2158 non
385 2118 479 2166 defuisse,
495 2121 527 2171 qui
541 2119 656 2170 theologicis
670 2119 823 2171 nebulis-praes-

92 2185 153 2230 tricti,
169 2185 313 2233 contenderint,
328 2186 412 2227 iudaeos
427 2188 497 2227 Christi
513 2192 574 2228 aetate
588 2186 680 2228 Messiam
694 2187 824 2238 metaphorice

92 2256 164 2292 tantum
178 2252 215 2292 Dei
235 2252 296 2292 filium
315 2265 402 2295 vocasse.
432 2254 471 2294 Sed
490 2254 552 2294 nostri
570 2254 613 2294 libri
632 2254 763 2293 testimonium
778 2255 824 2294 satis

92 2319 170 2367 probat,
184 2320 271 2369 proxime
285 2310 328 2359 ante
343 2321 449 2367 Christum,
464 2321 561 2365 Messium,
577 2332 634 2370 quern
649 2320 784 2369 expectabant,
799 2319 823 2359 ah

93 2383 116 2422 iis
131 2397 170 2424 non
185 2385 320 2437 metaphorice,
336 2386 371 2426 sed
379 2399 425 2428 vere
438 2399 473 2438 pro
485 2386 521 2425 Dei
533 2385 573 2424 filio
587 2384 671 2423 habitum
686 2397 737 2431 esse,
751 2397 825 2437 proque

93 2449 156 2492 divina
170 2456 241 2499 natura,
256 2452 395 2504 praeexistente
410 2452 433 2493 ab
447 2465 471 2492 eo
485 2456 578 2504 tempore,
593 2462 632 2503 quo
641 2452 701 2497 Erras
715 2453 735 2492 in
749 2454 825 2493 coelum
856 2502 859 2505 ἢ

93 2520 195 2560 translatus
217 2521 246 2561 sit.
281 2522 347 2568 Certe,
372 2523 389 2561 si
407 2526 445 2562 tam
463 2521 517 2561 brevi
536 2525 581 2572 post
602 2519 654 2559 idem
674 2532 743 2561 nomen
763 2522 825 2561 eidem

94 2586 207 2634 tribuerunt,
223 2587 376 2630 concludendum
391 2590 470 2636 videtur,
486 2588 556 2630 eodem
569 2589 590 2630 id
604 2602 662 2631 sensu
676 2591 746 2630 factum
761 2602 810 2629 csse.

99 2690 229 2699 »nm-u...

139 2759 155 2802 t)
168 2759 209 2805 oap.
222 2761 264 2803 xxx,
277 2759 292 2793 r.
