1807 3145
104 177 143 216 lta
274 161 279 164 ,
407 173 470 207 Enochi
482 172 528 206 liber.

103 287 152 338 capti
162 279 210 332 sunt,
221 286 271 327 inter
283 287 396 329 seinvicem
409 287 540 328 disserentes:
554 286 662 339 Agitednm
673 287 766 339 eligamus
776 288 831 329 nohis

76 384 77 387 ,
102 364 171 393 uxores
186 365 209 394 ex
223 354 322 393 hominum
336 355 439 407 progenie,
459 360 479 395 ct
492 365 617 406 procreemus
631 354 709 394 liberos.

157 417 180 467 3)
195 420 245 460 Turn
259 421 296 474 dur
311 433 378 461 eorum
390 423 481 473 Samyeza
494 422 540 462 dixit
552 422 588 461 iis:
603 418 667 467 timeo,
683 434 707 461 ne
717 423 832 472 impotentes

50 507 53 509 ,
102 487 143 524 sitis
159 487 182 525 ad
195 488 334 538 perficiendum
347 490 384 527 hoc
400 490 511 535 consilium;

157 554 179 601 4)
193 554 217 593 Et
230 567 254 594 ne
269 567 305 606 ego
321 555 373 594 solus
387 567 460 607 poenes
475 555 519 594 dem
534 554 618 594 criminis
633 560 671 594 tarn
685 556 754 604 gravis.

102 611 104 613 V
157 621 179 668 5)
194 619 233 659 Sed
248 622 388 672 responderunt
402 623 420 661 ci
435 622 534 662 dicentes:
554 634 590 661 nos
605 633 672 661 omnes
684 620 783 671 juranum

155 689 178 736 o)
192 688 217 727 Et
231 688 337 740 obligamus
357 703 392 730 nos
412 691 482 730 mutuis
501 690 648 735 exorationibus,
671 701 707 729 nos
721 699 760 728 non
774 693 832 729 mula-

100 756 153 794 turos
167 757 296 805 propositum,
316 756 352 795 scd
364 758 484 805 perfecturos
499 762 608 805 susceptam
621 767 667 796 rem.

157 824 181 872 t)
196 822 245 862 Tum
260 835 327 863 onmes
341 834 378 863 una
388 822 500 874 juraverunt
514 828 533 864 et
547 823 655 874 obligarunt
669 835 690 863 sc
705 823 774 864 mutuis
790 833 832 863 ere-

102 890 225 930 craticnibus.
245 890 306 931 Totus
321 903 387 931 eornm
398 903 488 931 numerus
503 898 544 931 erat
558 891 691 937 ducentorum,
707 892 740 942 qui
752 891 832 932 descen-

101 956 170 998 derunt
184 959 204 997 in
218 958 290 1005 Ardes,
300 949 304 953 ’
313 959 364 1010 quod
379 964 409 999 est
423 971 516 999 cacumen
530 954 600 999 montis
614 961 692 999 Armon.
717 999 721 1004 ,

156 1028 178 1073 S)
193 1025 229 1064 Hic
243 1037 300 1064 mons
314 1027 371 1076 igitur
386 1027 485 1066 dicebatur
498 1028 580 1072 hemon,
596 1027 640 1077 quia
651 1026 762 1075 jnraverunt
774 1027 793 1064 in
808 1039 831 1065 eo
871 1070 873 1073 .

100 1095 119 1130 ct
135 1092 266 1149 obligaverunt
280 1103 302 1131 se
316 1093 387 1131 mutuis
402 1094 560 1143 execrationibus.

155 1161 177 1207 9)
192 1159 246 1198 Haec
261 1163 306 1198 sunt
319 1161 397 1200 nomina
411 1161 491 1199 ducum:
513 1161 615 1211 Semystra,
637 1161 668 1209 qui
682 1160 771 1210 princeps
786 1165 831 1205 erat,

97 1226 269 1271 'Urahabararneeh
285 1227 378 1273 hhibeel,
394 1228 478 1273 'lemieh
493 1228 582 1272 Ramnel,
597 1227 670 1272 Danel,
685 1227 761 1272 Anheel,
777 1225 832 1265 Sara-

100 1295 161 1345 huyal,
176 1294 239 1340 Asael,
254 1295 338 1339 Armcrs,
353 1294 433 1340 Batreah
448 1296 520 1340 Ananc,
536 1293 616 1342 Zmebe,
632 1293 748 1338 Semsaveel,
762 1293 831 1339 Ertael,

100 1359 168 1404 anel,
193 1359 283 1403 Jomiael,
310 1360 390 1396 Arazial.
418 1360 443 1398 lli
461 1365 514 1399 erant
533 1361 623 1410 praefecti
645 1360 733 1398 ducentis
752 1359 830 1410 angelis¹

100 1430 119 1465 et
133 1425 202 1474 reliqui
218 1435 287 1463 omnes
300 1428 354 1463 erent
368 1436 412 1463 cnm
424 1425 454 1464 iis.

143 1495 176 1541 10)
191 1491 241 1531 Tum
251 1502 321 1532 uxores
331 1492 429 1539 duxerunt,
441 1493 477 1532 sibi
487 1489 568 1545 quisque
578 1503 632 1532 suam
644 1492 737 1544 eligentes
743 1504 748 1537 ;
764 1492 832 1544 quibus

143 1674 268 1718 eucapvl1,
285 1689 301 1711 v.
313 1679 328 1712 8.
349 1678 380 1710 Hic
397 1688 443 1711 rrrcns
459 1697 478 1701 —
496 1677 644 1718 execrationibus]
669 1678 714 1709 llaec
732 1679 832 1721 etymologia

100 1732 146 1772 crocis
161 1732 238 1765 hrmon
256 1733 373 1775 (Hermon)
392 1735 460 1779 prohat,
486 1735 543 1767 librum
559 1735 579 1767 ab
595 1735 643 1767 initio
661 1734 739 1767 hebruino
756 1736 832 1777 scriptum

100 1787 156 1822 luisse.
179 1788 241 1823 Versus
257 1789 281 1823 sic
293 1800 353 1835 graece
369 1792 473 1834 exprimitur:
495 1784 528 1823 καὶ
545 1779 641 1823 ἐκάλεσαν
659 1778 681 1822 τὸ
696 1782 744 1835 ὄρος
755 1779 832 1835 Ἑρμῶν
870 1830 871 1833 ¹

99 1835 172 1876 radon
193 1838 284 1890 ὤμοσαν,
309 1841 342 1889 ael
356 1834 501 1888 ἀνεθεμάτισαν
520 1835 608 1891 ciliniae
627 1838 646 1878 ἐν
665 1835 726 1889 αὐτῷ,
750 1847 831 1879 Hebraico
871 1834 873 1838 ⁴

100 1913 161 1947 dicitur·
181 1900 254 1963 diffidi,
268 1914 311 1957 quod
320 1925 380 1947 nomen
386 1915 507 1948 conuenienter
515 1925 551 1947 cnm
557 1913 589 1947 loci
594 1924 649 1953 sensu,
659 1914 752 1946 nonnisiad
759 1914 831 1947 redicem
845 1922 851 1945 1

99 1991 143 2027 ffil'l
160 1975 218 2018 referri
227 1990 291 2028 potest3
298 1987 347 2030 ‘quod
356 1987 373 2018 in
381 1986 438 2030 Hlphil
450 1986 534 2027 hebraice,
547 1995 564 2017 et
572 1985 626 2029 Aphel
634 1984 722 2018 chaldaice
731 1990 748 2017 el
756 1985 830 2029 Syrisce,

100 2043 183 2088 significat
199 2043 305 2075 execrari
321 2052 351 2075 sen
367 2043 486 2076 devovere.
510 2042 527 2075 Si
539 2042 590 2085 igitur
601 2038 644 2075 liber
656 2041 734 2075 hebreico
747 2046 774 2074 eut
785 2042 832 2076 alfini

101 2109 176 2132 sermone
190 2093 266 2141 'scriptus
282 2100 352 2138 dicitur,
372 2100 411 2132 satis
425 2099 466 2131 lucis
482 2100 514 2131 erit
530 2100 621 2131 huicloco
636 2104 653 2131 et
669 2099 789 2141 cunengem
801 2095 833 2132 >sin

100 2159 154 2187 erilem
172 2163 243 2199 graece,
268 2153 316 2197 plane
334 2163 368 2186 non
385 2154 455 2200 intelligi
471 2158 526 2198 potest
542 2154 579 2187 sine
596 2153 672 2199 longiore
688 2155 843 2198 interpretationes

99 2209 127 2243 rel
137 2210 194 2243 saltem
206 2211 238 2241 nisi
250 2213 365 2253 supposueris,
378 2220 436 2243 vocem
448 2220 469 2243 ex
481 2209 571 2254 peregrina
583 2210 639 2254 lingna
651 2210 722 2243 fluxisse.

144 2276 160 2299 v.
178 2265 194 2298 9.
213 2267 253 2300 haec
270 2270 308 2299 sunt
324 2285 344 2291 -
361 2267 433 2309 ducunt]
458 2266 505 2300 Haec·
520 2267 587 2299 nomina
604 2266 671 2299 diverse
687 2267 799 2309 enprinmntnr
816 2269 834 2300 in

99 2332 159 2365 graeco
183 2322 285 2367 fragmento3
313 2324 342 2356 sed
361 2325 433 2356 rar-ictas
455 2325 472 2355 in
491 2322 550 2355 talibus
572 2322 621 2355 rebus
642 2332 745 2367 nequaquam
767 2323 833 2357 insolitu

100 2384 130 2411 est.
152 2379 197 2412 Duos
215 2367 297 2422 lapsorum
314 2379 408 2424 angelornm
428 2380 455 2412 hic
471 2379 590 2412 occurrentium
605 2377 687 2411 Jonulhcn
704 2378 738 2411 beu
755 2378 800 2413 Uziel
815 2380 833 2412 in

100 2441 174 2480 targurne
186 2445 216 2468 sno
225 2437 245 2469 ad
252 2436 305 2479 legem
313 2437 390 2470 distincte
400 2442 484 2471 memorat.
497 2436 530 2469 Sub
539 2435 645 2478 expressione
656 2434 741 2478 nephilim,
754 2437 833 2480 gigan-

100 2498 140 2535 tes,
154 2491 242 2538 Genlll,
254 2497 269 2527 3.
282 2493 313 2526 hoc
326 2493 451 2527 animadvertit:
463 2492 599 2529 ³Sarnchazai
611 2496 633 2524 et
644 2490 710 2524 Uziel
725 2502 749 2524 cn
765 2491 833 2525 coelis
850 2503 852 2506 ·

100 2550 188 2592 delapsi
201 2554 266 2581 crant
282 2550 304 2580 in
321 2554 402 2582 terram
414 2550 461 2581 illis
479 2548 562 2580 diebus.
586 2547 717 2581 Sarnchazai
735 2553 752 2579 et
768 2548 833 2591 llnicl

101 2609 166 2640 nomina
181 2611 220 2640 sunt
231 2606 279 2649 primi
296 2610 313 2639 el
329 2608 369 2639 noni
381 2607 436 2651 angeli
448 2608 466 2639 in
477 2605 542 2639 Enoclri
554 2605 645 2647 apocryphi
657 2603 732 2648 catalogo
744 2605 833 2638 secundnm

100 2662 210 2705 aethiopicam
222 2663 320 2697 versionem.
349 2662 368 2696 ln
380 2674 440 2708 graeca
455 2668 493 2696 sunt
503 2662 551 2705 primi
568 2666 585 2694 el
600 2662 669 2704 decimi²
690 2672 709 2694 ac
726 2662 832 2705 sioscripta:
880 2659 884 2672 ²

100 2712 203 2762 Σεμιαζᾶς
222 2712 331 2762 (marmor
358 2711 437 2764 Scaliger)
451 2707 560 2764 Ἀζαλζὴλ.
591 2716 615 2751 lle
627 2718 658 2751 hoo
670 2719 736 2753 nomine
748 2719 833 2753 Fabricios

100 2782 154 2811 notat:
173 2776 227 2820 „Infra
244 2765 319 2820 Ἐξαὴλ
335 2781 352 2810 ei
367 2766 451 2820 Ἀζαήλ·
475 2776 551 2811 Cedreno
565 2784 628 2818 qrroqnc
642 2780 658 2808 et
668 2775 735 2809 ludaeis
747 2773 832 2809 attactu
