1807 3145
330 219 355 254 De
367 219 421 254 morte'
432 219 488 255 llosts.
741 219 781 257 329

47 338 112 381 videre
127 333 226 384 accurret,
248 337 295 377 haec
317 337 380 376 omnia
401 349 435 388 per
456 341 476 377 te
493 330 546 376 irrita
565 339 629 378 erunt:
648 333 782 378 adde'Josuae'

47 412 121 455 tempus
136 405 215 460 adesse,
231 404 262 456 qui
278 415 321 442 cum
335 405 356 441 in
369 404 419 442 leste
434 404 498 454 legem
513 403 599 443 audienti
611 406 680 455 populo
689 406 782 455 interpre-

47 471 125 517 tabitur,
149 473 218 524 singuli
238 473 301 524 auimo
322 471 435 518 versabunt:
458 475 479 511 ut
500 473 545 523 quid
571 484 582 512 a
605 472 699 525 discipulo
718 474 782 525 legem

48 541 145 587 discimus,
160 553 224 580 nonne
235 539 346 592 allagistro
357 539 432 580 discere
442 541 502 579 satius
513 541 560 580 est?
574 541 600 580 ita
613 553 648 592 per
661 545 680 580 te
695 540 781 581 'vilescet

47 611 96 648 Dum
109 609 157 647 haee
171 607 227 653 fiunt,
247 608 316 647 labitur
331 608 388 648 altera
402 608 460 658 hora,
485 609 593 660 iterumque
613 609 649 650 'vox
670 609 716 649 duas
730 600 782 650 Masi

47 680 119 716 tantum
133 673 241 726 superesse-
250 676 307 714 horas
322 675 401 714 monuit.
430 674 513 721 Samaei,
536 677 631 716 inalorum
644 677 742 728 Princeps,
758 676 783 715 ad

48 733 104 784 omrie
124 747 242 783 momentum
262 740 328 783 anxius
347 742 419 789 stabat,
442 745 531 784 exultans
552 744 626 796 quando
641 744 711 784 Mosen
731 735 792 782 occi:

48 814 104 858 dere,
120 808 200 862 ejusque
215 809 296 851 arrimam
310 810 379 850 tollere
393 810 469 851 liceret.
499 813 523 852 At
537 825 584 853 vero
598 813 688 859 Michadl
708 811 784 852 lsradli-¹

46 887 108 921 tarum
122 875 193 924 tutela,
208 885 228 918 ut
244 879 352 918 Samuelem
366 878 438 918 laetitia
449 880 568 930 'gestientem
583 881 661 931 aspexit,
677 892 720 919 eum
740 891 784 919 curn

47 948 143 989 lachrimis
155 959 177 987 ae
188 947 272 986 clamore
283 946 311 984 sic
323 945 455 996 compellavit:
467 958 556 997 nequam,
569 959 605 997 ego
619 947 683 997 lugeo,
694 952 714 986 tu
725 947 781 988 rides.

47 1017 86 1057 atii
101 1016 173 1056 dixisse
187 1013 295 1066 perhibent:
308 1013 347 1052 noli
358 1012 447 1065 gaudere,
457 1014 534 1054 inimica
543 1015 615 1062 hestia,
628 1014 696 1062 cecidi,
711 1018 730 1055 et
743 1027 784 1054 sur-

12 1077 14 1079 ’
47 1087 92 1125 rexi.
113 1083 180 1124 Cccidi
193 1083 213 1123 in
228 1086 290 1121 morte
303 1080 370 1127 Masis,
386 1083 459 1121 surrexi
470 1083 490 1123 in
500 1075 607 1135 principatu
618 1084 695 1130 Josuae,
708 1083 783 1135 quaudo

46 1152 122 1205 triginta
134 1162 190 1203 supra
199 1161 258 1189 rurum
268 1150 331 1200 Reges
343 1150 378 1188 suh
390 1148 414 1188 eu
427 1150 501 1195 cadent,
512 1152 601 1190 habitabo
610 1153 724 1192 intenebris
735 1154 784 1192 exci-

47 1221 72 1260 dii
83 1225 102 1260 et
110 1216 167 1272 primi
179 1223 198 1259 et
208 1217 289 1258 secundi
298 1216 369 1269 templi,
382 1217 435 1257 Deus
446 1217 493 1257 mihi
503 1217 567 1259 lumen
582 1219 618 1259 erit
626 1219 646 1259 in
656 1219 723 1260 diebus
734 1220 786 1262 ates-

47 1290 92 1329 siac.
118 1288 172 1327 Tunc
187 1298 253 1326 rursus
263 1298 299 1326 rox
311 1287 389 1325 unicum
400 1289 472 1326 tantum
483 1288 539 1327 unius
550 1288 609 1328 horae
621 1300 726 1340 superesse
742 1302 785 1341 spa⁴

47 1358 93 1395 tium
102 1356 194 1394 insonuit.
210 1355 299 1399 Domine,
311 1354 422 1394 exclamavit
431 1354 505 1401 Moses,
520 1366 607 1395 maneam
618 1358 669 1397 sicut
678 1357 723 1404 axis,
735 1369 784 1409 quae

46 1436 80 1475 per
101 1434 168 1461 ornnes
189 1421 254 1461 mundi
272 1421 339 1471 plagas
359 1421 441 1460 volitans
464 1420 487 1460 de
507 1426 558 1460 terra
579 1423 635 1462 cibos
649 1424 740 1475 colhgit,
761 1425 785 1463 de

46 1491 156 1531 fluminibus
176 1491 233 1537 bibit,
253 1491 275 1529 ac
297 1487 374 1528 demum
393 1488 428 1527 suh
449 1500 548 1540 vesperam
562 1491 628 1531 nidum
645 1492 719 1543 repetit.
749 1491 784 1531 De.

48 1558 276 1609 Satismultumqnctihi.
300 1558 350 1599 Most
370 1558 455 1608 Rupes
470 1559 628 1600 innocentis
645 1562 706 1611 opus
719 1557 784 1608 ejus,

47 1628 122 1674 idest,
140 1627 209 1670 tutela,
233 1625 339 1675 protectio,
362 1623 464 1678 subitoque
481 1612 530 1663 'cum
554 1617 611 1669 fletu,
636 1625 738 1675 adquae,
758 1625 787 1664 in·-

48 1696 129 1748 quiehat,
145 1692 258 1743 confugiam,
273 1681 297 1731 ut
307 1703 342 1742 pro
356 1703 388 1732 me
402 1690 438 1731 Dei
452 1702 520 1742 pacem
533 1691 649 1743 impetrent?
677 1692 717 1731 Nec
732 1704 785 1731 mora

49 1763 72 1805 a'd
91 1762 158 1804 omnes
179 1766 276 1802 creaturas
297 1760 423 1804 conceditur,
446 1764 498 1805 crat,
522 1769 600 1810 pro‘se
619 1761 682 1800 Deum
701 1766 785 1799 exorent.

48 1826 73 1873 At
86 1835 129 1872 illae
143 1845 178 1882 pro
197 1828 253 1868 nohis
273 1829 320 1878 ipsis
341 1828 387 1867 nihil
407 1839 523 1878 possumus,
545 1828 620 1880 quanda
640 1828 733 1881 scriptum
748 1833 785 1869 est:

50 1901 126 1939 Omne
150 1901 232 1937 autem
258 1896 322 1935 iecit
346 1895 485 1945 pulchrum
505 1890 666 1945 intempore
686 1902 743 1945 suo,
764 1908 786 1936 ac

49 1968 126 2010 tandem
141 1964 251 2015 subjicitur:
269 1962 361 2006 Omnia
376 1961 404 2001 ad
416 1965 490 2001 tinum
504 1962 591 2002 locum
607 1963 714 2009 va‘dunt3
728 1956 786 2002 Deni-

50 2050 86 2090 aare
96 2035 180 2076 additur:
196 2033 263 2073 Caeli
277 2033 344 2070 sicut
359 2032 442 2070 tumus
458 2036 664 2077 consumentur,
680 2035 703 2071 et
716 2036 786 2071 terra

50 2107 117 2144 sicut
136 2102 322 2144 vestimentum
343 2102 502 2140 veterascet.
543 2100 611 2140 Moses
630 2104 651 2139 ut
668 2099 745 2139 fatalem
758 2099 792 2138 iu<

49 2177 99 2212 stare
113 2173 180 2211 horam
196 2168 286 2214 advertit,
307 2180 344 2207 nec
358 2167 416 2205 ullarir
431 2167 498 2218 effugii
512 2179 579 2217 spem,
599 2167 679 2207 Josuam
697 2168 786 2206 vocatum

50 2245 78 2282 sic
97 2241 211 2293 alloquitur:
230 2236 279 2284 Fili,
299 2236 381 2289 populus
402 2237 449 2284 iste,
471 2247 529 2288 quem
547 2248 584 2288 ege
602 2235 711 2276 iidei‘tuae
732 2247 786 2274 com-

49 2304 116 2357 mitto,
141 2309 223 2361 populus
242 2307 279 2345 Dei
298 2309 333 2346 est.
366 2306 422 2345 Pueri
445 2304 532 2345 nondum
555 2306 621 2356 legera
642 2315 664 2344 ac
685 2300 787 2356 praecepta

50 2371 114 2418 edocti
129 2382 182 2421 sunt,
202 2377 240 2415 hoc
255 2387 300 2415 cura
315 2379 334 2415 et
348 2379 423 2426 satage,
443 2375 481 2414 nec
495 2377 554 2413 secus
577 2365 680 2424 quidquam
699 2373 737 2413 illis
751 2379 787 2414 tra-

50 2429 130 2492 dideris,
147 2440 191 2485 sunt
206 2443 257 2484 enim
267 2442 303 2482 Dei
317 2442 451 2493 primogeniti,
467 2435 533 2492 illique
548 2452 605 2492 supra
619 2438 790 2493 caeteras'geates·

51 2513 150 2556 carissimi.
179 2512 222 2553 Hoc
235 2513 279 2564 ipso
293 2512 392 2551 momentu
403 2511 455 2551 Deus
471 2510 543 2551 dosuae
553 2509 643 2562 imperat:
657 2509 724 2551 Moses
733 2521 787 2561 prae*

51 2586 118 2636 ceptor
132 2577 176 2623 trias
190 2587 209 2623 te
224 2583 289 2621 locum
304 2593 360 2621 suum
374 2580 444 2620 habere
458 2578 525 2630 jubet,
547 2578 593 2620 tolle
607 2579 690 2630 virgam,
703 2579 788 2631 super·
843 2569 845 2571 ’

51 2647 98 2702 que
114 2649 206 2702 'capitis
223 2651 314 2690 verticem
328 2639 418 2700 percute,
439 2649 489 2687 sicut
503 2648 583 2687 dieitur:
601 2659 653 2686 non
665 2642 788 2697 prohibe

50 2718 89 2759 his
116 2719 293 2771 disciplinam,
319 2717 438 2769 quoniam
460 2716 567 2767 juvenis
589 2713 675 2754 lsrael
699 2718 723 2753 et
747 2714 788 2765 qui

52 2793 117 2829 amat
130 2775 208 2827 illum.
236 2786 288 2827 Dixit
303 2787 360 2845 etiam
369 2786 429 2827 tosoe
438 2785 501 2828 Mosi':
516 2783 641 2851 ljraeceptor!
655 2795 694 2822 non
708 2794 787 2834 magno-

51 2855 97 2904 pere
112 2855 178 2908 sapio,
193 2855 276 2913 tortasse
289 2856 334 2895 illos
349 2856 369 2895 in
383 2858 448 2897 monte
463 2834 546 2920 hibhihe
563 2851 648 2903 jubebo,
672 2855 692 2892 at
706 2851 729 2898 >in
748 2851 791 2903 pla·
