<?xml version="1.0" encoding="UTF-8"?>
<!DOCTYPE html PUBLIC "-//W3C//DTD XHTML 1.0 Transitional//EN"
    "http://www.w3.org/TR/xhtml1/DTD/xhtml1-transitional.dtd">
<html xmlns="http://www.w3.org/1999/xhtml" xml:lang="en" lang="en">
 <head>
  <title>
</title>
<meta http-equiv="Content-Type" content="text/html;charset=utf-8" />
  <meta name='ocr-system' content='tesseract 3.04.00' />
  <meta name='ocr-capabilities' content='ocr_page ocr_carea ocr_par ocr_line ocrx_word'/>
</head>
<body>
  <div class='ocr_page' id='page_1' title='image "./MN41907ucmf_4_0385.png"; bbox 0 0 1807 3145; ppageno 0'>
   <div class='ocr_carea' id='block_1_1' title="bbox 328 175 773 244">
    <p class='ocr_par' dir='ltr' id='par_1_1' title="bbox 328 175 773 244">
     <span class='ocr_line' id='line_1_1' title="bbox 328 175 773 244; baseline 0.029 -14"><span class='ocrx_word' id='word_1_1' title='bbox 328 195 353 230; x_wconf 89' lang='lat' dir='ltr'>De</span> <span class='ocrx_word' id='word_1_2' title='bbox 364 199 416 230; x_wconf 86' lang='lat' dir='ltr'>morte</span> <span class='ocrx_word' id='word_1_3' title='bbox 427 195 482 233; x_wconf 78' lang='lat' dir='ltr'>alosis.</span> <span class='ocrx_word' id='word_1_4' title='bbox 581 219 583 223; x_wconf 95' lang='lat'>·</span> <span class='ocrx_word' id='word_1_5' title='bbox 607 175 622 211; x_wconf 14' lang='grc' dir='ltr'>ἴ·</span> <span class='ocrx_word' id='word_1_6' title='bbox 733 203 773 244; x_wconf 80' lang='grc'>353</span> 
     </span>
    </p>
   </div>
   <div class='ocr_carea' id='block_1_2' title="bbox 15 313 795 2540">
    <p class='ocr_par' dir='ltr' id='par_1_2' title="bbox 15 313 795 2540">
     <span class='ocr_line' id='line_1_2' title="bbox 44 313 773 358; baseline -0.003 -1"><span class='ocrx_word' id='word_1_7' title='bbox 44 322 74 358; x_wconf 84' lang='lat' dir='ltr'>nt:</span> <span class='ocrx_word' id='word_1_8' title='bbox 88 315 182 355; x_wconf 87' lang='lat' dir='ltr'>hortus</span> <span class='ocrx_word' id='word_1_9' title='bbox 198 313 342 354; x_wconf 88' lang='lat' dir='ltr'>conclusus</span> <span class='ocrx_word' id='word_1_10' title='bbox 358 325 434 354; x_wconf 90' lang='lat' dir='ltr'>soror</span> <span class='ocrx_word' id='word_1_11' title='bbox 449 324 507 354; x_wconf 90' lang='lat' dir='ltr'>mea.</span> <span class='ocrx_word' id='word_1_12' title='bbox 531 313 579 353; x_wconf 90' lang='lat' dir='ltr'>Per</span> <span class='ocrx_word' id='word_1_13' title='bbox 595 313 773 356; x_wconf 85' lang='lat' dir='ltr'>absconditos</span> 
     </span>
     <span class='ocr_line' id='line_1_3' title="bbox 15 381 773 442; baseline -0.004 -16"><span class='ocrx_word' id='word_1_14' title='bbox 15 405 17 412; x_wconf 94' lang='lat'>·</span> <span class='ocrx_word' id='word_1_15' title='bbox 44 384 151 436; x_wconf 88' lang='lat' dir='ltr'>sapientum</span> <span class='ocrx_word' id='word_1_16' title='bbox 172 381 298 442; x_wconf 60' lang='lat' dir='ltr'>discipulos,x</span> <span class='ocrx_word' id='word_1_17' title='bbox 313 382 406 423; x_wconf 87' lang='lat' dir='ltr'>societate</span> <span class='ocrx_word' id='word_1_18' title='bbox 426 387 446 423; x_wconf 85' lang='lat' dir='ltr'>et</span> <span class='ocrx_word' id='word_1_19' title='bbox 465 381 548 422; x_wconf 89' lang='lat' dir='ltr'>amicitia</span> <span class='ocrx_word' id='word_1_20' title='bbox 568 381 690 433; x_wconf 85' lang='lat' dir='ltr'>conjunctos,</span> <span class='ocrx_word' id='word_1_21' title='bbox 715 388 773 424; x_wconf 87' lang='lat' dir='ltr'>notat.</span> 
     </span>
     <span class='ocr_line' id='line_1_4' title="bbox 44 442 774 506; baseline -0.001 -13"><span class='ocrx_word' id='word_1_22' title='bbox 44 454 118 506; x_wconf 86' lang='lat' dir='ltr'>interea</span> <span class='ocrx_word' id='word_1_23' title='bbox 132 451 200 491; x_wconf 89' lang='lat' dir='ltr'>Moses</span> <span class='ocrx_word' id='word_1_24' title='bbox 214 451 274 490; x_wconf 89' lang='lat' dir='ltr'>Patris</span> <span class='ocrx_word' id='word_1_25' title='bbox 290 442 381 490; x_wconf 89' lang='lat' dir='ltr'>coelestis</span> <span class='ocrx_word' id='word_1_26' title='bbox 396 451 476 501; x_wconf 79' lang='lat' dir='ltr'>gloriam</span> <span class='ocrx_word' id='word_1_27' title='bbox 490 449 562 500; x_wconf 90' lang='lat' dir='ltr'>populo</span> <span class='ocrx_word' id='word_1_28' title='bbox 577 442 676 496; x_wconf 82' lang='lat' dir='ltr'>laudabat,</span> <span class='ocrx_word' id='word_1_29' title='bbox 688 443 774 503; x_wconf 41' lang='lat' dir='ltr'>&#39;eumque</span> 
     </span>
     <span class='ocr_line' id='line_1_5' title="bbox 45 516 781 569; baseline -0.001 -10"><span class='ocrx_word' id='word_1_30' title='bbox 45 519 68 559; x_wconf 90' lang='lat' dir='ltr'>de</span> <span class='ocrx_word' id='word_1_31' title='bbox 90 518 214 560; x_wconf 84' lang='lat' dir='ltr'>observandis</span> <span class='ocrx_word' id='word_1_32' title='bbox 235 517 343 569; x_wconf 80' lang='lat' dir='ltr'>praeceptis</span> <span class='ocrx_word' id='word_1_33' title='bbox 364 528 386 556; x_wconf 92' lang='lat' dir='ltr'>ac</span> <span class='ocrx_word' id='word_1_34' title='bbox 407 516 490 557; x_wconf 87' lang='lat' dir='ltr'>colendo</span> <span class='ocrx_word' id='word_1_35' title='bbox 504 517 565 556; x_wconf 85' lang='lat' dir='ltr'>losue</span> <span class='ocrx_word' id='word_1_36' title='bbox 580 517 676 558; x_wconf 86' lang='lat' dir='ltr'>monebat.</span> <span class='ocrx_word' id='word_1_37' title='bbox 703 518 781 559; x_wconf 86' lang='lat' dir='ltr'>Beatus</span> 
     </span>
     <span class='ocr_line' id='line_1_6' title="bbox 44 574 774 638; baseline -0.001 -10"><span class='ocrx_word' id='word_1_38' title='bbox 44 588 122 633; x_wconf 87' lang='lat' dir='ltr'>Moses,</span> <span class='ocrx_word' id='word_1_39' title='bbox 149 588 183 638; x_wconf 83' lang='lat' dir='ltr'>qui</span> <span class='ocrx_word' id='word_1_40' title='bbox 198 599 219 627; x_wconf 91' lang='lat' dir='ltr'>se</span> <span class='ocrx_word' id='word_1_41' title='bbox 233 574 331 626; x_wconf 87' lang='lat' dir='ltr'>hominem</span> <span class='ocrx_word' id='word_1_42' title='bbox 345 586 401 631; x_wconf 89' lang='lat' dir='ltr'>fecit,</span> <span class='ocrx_word' id='word_1_43' title='bbox 422 597 458 625; x_wconf 91' lang='lat' dir='ltr'>nec</span> <span class='ocrx_word' id='word_1_44' title='bbox 479 592 548 637; x_wconf 83' lang='lat' dir='ltr'>parcus</span> <span class='ocrx_word' id='word_1_45' title='bbox 568 585 672 626; x_wconf 80' lang='lat' dir='ltr'>inlosuae</span> <span class='ocrx_word' id='word_1_46' title='bbox 686 586 774 627; x_wconf 78' lang='lat' dir='ltr'>laudibus</span> 
     </span>
     <span class='ocr_line' id='line_1_7' title="bbox 48 647 775 706; baseline -0.003 -10"><span class='ocrx_word' id='word_1_47' title='bbox 48 655 167 696; x_wconf 80' lang='lat' dir='ltr'><strong>celebrandis</strong></span> <span class='ocrx_word' id='word_1_48' title='bbox 188 656 236 695; x_wconf 51' lang='lat' dir='ltr'>fuit.¹</span> <span class='ocrx_word' id='word_1_49' title='bbox 259 654 313 694; x_wconf 89' lang='lat' dir='ltr'>Sicut</span> <span class='ocrx_word' id='word_1_50' title='bbox 327 653 403 706; x_wconf 86' lang='lat' dir='ltr'>quando</span> <span class='ocrx_word' id='word_1_51' title='bbox 417 647 449 694; x_wconf 92' lang='lat' dir='ltr'>ille</span> <span class='ocrx_word' id='word_1_52' title='bbox 470 654 525 694; x_wconf 80' lang='lat' dir='ltr'>dirit:</span> <span class='ocrx_word' id='word_1_53' title='bbox 546 653 629 695; x_wconf 83' lang='lat' dir='ltr'>Eldad</span> <span class='ocrx_word' id='word_1_54' title='bbox 648 659 672 695; x_wconf 89' lang='lat' dir='ltr'>et</span> <span class='ocrx_word' id='word_1_55' title='bbox 685 653 775 696; x_wconf 87' lang='lat' dir='ltr'>Midad</span> 
     </span>
     <span class='ocr_line' id='line_1_8' title="bbox 44 720 775 778; baseline -0.001 -16"><span class='ocrx_word' id='word_1_56' title='bbox 44 722 246 778; x_wconf 77' lang='lat' dir='ltr'>prophetizant,</span> <span class='ocrx_word' id='word_1_57' title='bbox 268 722 312 774; x_wconf 91' lang='lat' dir='ltr'>Ipse</span> <span class='ocrx_word' id='word_1_58' title='bbox 327 720 435 773; x_wconf 81' lang='lat' dir='ltr'>respondit:</span> <span class='ocrx_word' id='word_1_59' title='bbox 458 721 522 769; x_wconf 82' lang='lat' dir='ltr'>Quis</span> <span class='ocrx_word' id='word_1_60' title='bbox 537 722 600 761; x_wconf 90' lang='lat' dir='ltr'>mihi</span> <span class='ocrx_word' id='word_1_61' title='bbox 617 723 661 762; x_wconf 81' lang='lat' dir='ltr'>dei</span> <span class='ocrx_word' id='word_1_62' title='bbox 674 724 775 772; x_wconf 56' lang='lat' dir='ltr'>univers</span> 
     </span>
     <span class='ocr_line' id='line_1_9' title="bbox 47 784 776 844; baseline -0.005 -11"><span class='ocrx_word' id='word_1_63' title='bbox 47 791 463 844; x_wconf 88' lang='lat' dir='ltr'>sumDeipopulumProphetas</span> <span class='ocrx_word' id='word_1_64' title='bbox 483 792 553 831; x_wconf 86' lang='lat' dir='ltr'>lieri.</span> <span class='ocrx_word' id='word_1_65' title='bbox 581 790 636 831; x_wconf 80' lang='lat' dir='ltr'>Adeo</span> <span class='ocrx_word' id='word_1_66' title='bbox 650 803 690 830; x_wconf 89' lang='lat' dir='ltr'>non</span> <span class='ocrx_word' id='word_1_67' title='bbox 703 784 776 831; x_wconf 85' lang='lat' dir='ltr'>invide-</span> 
     </span>
     <span class='ocr_line' id='line_1_10' title="bbox 44 850 778 915; baseline -0.005 -13"><span class='ocrx_word' id='word_1_68' title='bbox 44 863 83 902; x_wconf 84' lang='lat' dir='ltr'>hat.</span> <span class='ocrx_word' id='word_1_69' title='bbox 112 859 171 911; x_wconf 80' lang='lat' dir='ltr'>Igitur</span> <span class='ocrx_word' id='word_1_70' title='bbox 187 860 251 905; x_wconf 86' lang='lat' dir='ltr'>omni,</span> <span class='ocrx_word' id='word_1_71' title='bbox 267 871 304 909; x_wconf 91' lang='lat' dir='ltr'>quo</span> <span class='ocrx_word' id='word_1_72' title='bbox 319 858 392 910; x_wconf 89' lang='lat' dir='ltr'>potuit,</span> <span class='ocrx_word' id='word_1_73' title='bbox 408 850 481 899; x_wconf 82' lang='lat' dir='ltr'><strong>honore</strong></span> <span class='ocrx_word' id='word_1_74' title='bbox 495 859 574 898; x_wconf 88' lang='lat' dir='ltr'>Josuam</span> <span class='ocrx_word' id='word_1_75' title='bbox 588 859 778 915; x_wconf 55' lang='lat' dir='ltr'>prosequutumde-</span> 
     </span>
     <span class='ocr_line' id='line_1_11' title="bbox 46 925 791 978; baseline 0 -12"><span class='ocrx_word' id='word_1_76' title='bbox 46 940 99 967; x_wconf 88' lang='lat' dir='ltr'>mum</span> <span class='ocrx_word' id='word_1_77' title='bbox 112 928 141 966; x_wconf 92' lang='lat' dir='ltr'>illi</span> <span class='ocrx_word' id='word_1_78' title='bbox 155 927 215 966; x_wconf 81' lang='lat' dir='ltr'>lsra‘el</span> <span class='ocrx_word' id='word_1_79' title='bbox 225 926 317 971; x_wconf 86' lang='lat' dir='ltr'>credidit,</span> <span class='ocrx_word' id='word_1_80' title='bbox 331 926 468 978; x_wconf 87' lang='lat' dir='ltr'>propriumque</span> <span class='ocrx_word' id='word_1_81' title='bbox 478 925 550 972; x_wconf 87' lang='lat' dir='ltr'>decus,</span> <span class='ocrx_word' id='word_1_82' title='bbox 566 937 657 965; x_wconf 89' lang='lat' dir='ltr'>coronam</span> <span class='ocrx_word' id='word_1_83' title='bbox 669 930 687 966; x_wconf 88' lang='lat' dir='ltr'>et</span> <span class='ocrx_word' id='word_1_84' title='bbox 697 925 777 978; x_wconf 86' lang='lat' dir='ltr'>gloriam</span> <span class='ocrx_word' id='word_1_85' title='bbox 790 949 791 953; x_wconf 66' lang='lat'><em>=</em></span> 
     </span>
     <span class='ocr_line' id='line_1_12' title="bbox 47 983 778 1050; baseline -0.005 -16"><span class='ocrx_word' id='word_1_86' title='bbox 47 994 151 1035; x_wconf 70' lang='lat' dir='ltr'>concessit</span> <span class='ocrx_word' id='word_1_87' title='bbox 179 993 209 1034; x_wconf 88' lang='lat' dir='ltr'>De</span> <span class='ocrx_word' id='word_1_88' title='bbox 223 993 257 1033; x_wconf 92' lang='lat' dir='ltr'>illo</span> <span class='ocrx_word' id='word_1_89' title='bbox 273 991 374 1033; x_wconf 88' lang='lat' dir='ltr'>Salomon:</span> <span class='ocrx_word' id='word_1_90' title='bbox 391 992 505 1050; x_wconf 84' lang='lat' dir='ltr'>Humilis</span> <span class='ocrx_word' id='word_1_91' title='bbox 521 983 617 1045; x_wconf 89' lang='lat' dir='ltr'>spiritu</span> <span class='ocrx_word' id='word_1_92' title='bbox 632 993 778 1044; x_wconf 84' lang='lat' dir='ltr'>apprehen-</span> 
     </span>
     <span class='ocr_line' id='line_1_13' title="bbox 46 1049 777 1118; baseline -0.007 -14"><span class='ocrx_word' id='word_1_93' title='bbox 46 1063 89 1105; x_wconf 82' lang='lat' dir='ltr'>det</span> <span class='ocrx_word' id='word_1_94' title='bbox 110 1062 228 1115; x_wconf 85' lang='lat' dir='ltr'>gloriam.</span> <span class='ocrx_word' id='word_1_95' title='bbox 257 1061 291 1102; x_wconf 88' lang='lat' dir='ltr'>His</span> <span class='ocrx_word' id='word_1_96' title='bbox 310 1061 378 1101; x_wconf 89' lang='lat' dir='ltr'>horam</span> <span class='ocrx_word' id='word_1_97' title='bbox 400 1049 532 1118; x_wconf 72' lang='lat' dir='ltr'>consumpsit,</span> <span class='ocrx_word' id='word_1_98' title='bbox 552 1059 653 1114; x_wconf 85' lang='lat' dir='ltr'>auditaque</span> <span class='ocrx_word' id='word_1_99' title='bbox 675 1060 699 1100; x_wconf 93' lang='lat' dir='ltr'>de</span> <span class='ocrx_word' id='word_1_100' title='bbox 721 1060 777 1100; x_wconf 85' lang='lat' dir='ltr'>coelo</span> 
     </span>
     <span class='ocr_line' id='line_1_14' title="bbox 46 1129 778 1179; baseline -0.004 -7"><span class='ocrx_word' id='word_1_101' title='bbox 46 1130 91 1173; x_wconf 81' lang='lat' dir='ltr'>ror:</span> <span class='ocrx_word' id='word_1_102' title='bbox 106 1130 224 1179; x_wconf 80' lang='lat' dir='ltr'>Qnatuor</span> <span class='ocrx_word' id='word_1_103' title='bbox 244 1133 344 1169; x_wconf 88' lang='lat' dir='ltr'>tantum</span> <span class='ocrx_word' id='word_1_104' title='bbox 364 1129 443 1169; x_wconf 88' lang='lat' dir='ltr'>horas</span> <span class='ocrx_word' id='word_1_105' title='bbox 464 1129 544 1170; x_wconf 90' lang='lat' dir='ltr'>rives.</span> <span class='ocrx_word' id='word_1_106' title='bbox 574 1130 628 1170; x_wconf 86' lang='lat' dir='ltr'>Tunc</span> <span class='ocrx_word' id='word_1_107' title='bbox 646 1130 778 1170; x_wconf 87' lang='lat' dir='ltr'>Moses:Do·</span> 
     </span>
     <span class='ocr_line' id='line_1_15' title="bbox 46 1198 779 1249; baseline -0.001 -11"><span class='ocrx_word' id='word_1_108' title='bbox 46 1201 108 1244; x_wconf 80' lang='lat' dir='ltr'>mine,</span> <span class='ocrx_word' id='word_1_109' title='bbox 124 1199 141 1238; x_wconf 90' lang='lat' dir='ltr'>si</span> <span class='ocrx_word' id='word_1_110' title='bbox 155 1210 186 1238; x_wconf 91' lang='lat' dir='ltr'>mc</span> <span class='ocrx_word' id='word_1_111' title='bbox 200 1203 279 1249; x_wconf 86' lang='lat' dir='ltr'>propter</span> <span class='ocrx_word' id='word_1_112' title='bbox 294 1198 409 1248; x_wconf 90' lang='lat' dir='ltr'>discipulum</span> <span class='ocrx_word' id='word_1_113' title='bbox 423 1198 498 1248; x_wconf 78' lang='lat' dir='ltr'>rejicis,</span> <span class='ocrx_word' id='word_1_114' title='bbox 518 1199 575 1238; x_wconf 86' lang='lat' dir='ltr'>facile</span> <span class='ocrx_word' id='word_1_115' title='bbox 589 1199 644 1244; x_wconf 89' lang='lat' dir='ltr'>loeo,</span> <span class='ocrx_word' id='word_1_116' title='bbox 660 1211 717 1249; x_wconf 85' lang='lat' dir='ltr'>quem</span> <span class='ocrx_word' id='word_1_117' title='bbox 732 1199 779 1237; x_wconf 88' lang='lat' dir='ltr'>ohli-</span> 
     </span>
     <span class='ocr_line' id='line_1_16' title="bbox 46 1264 780 1318; baseline -0.003 -12"><span class='ocrx_word' id='word_1_118' title='bbox 46 1271 95 1313; x_wconf 87' lang='lat' dir='ltr'>ueo,</span> <span class='ocrx_word' id='word_1_119' title='bbox 111 1265 193 1312; x_wconf 85' lang='lat' dir='ltr'>carebo,</span> <span class='ocrx_word' id='word_1_120' title='bbox 209 1264 266 1305; x_wconf 90' lang='lat' dir='ltr'>ducat</span> <span class='ocrx_word' id='word_1_121' title='bbox 279 1265 380 1317; x_wconf 87' lang='lat' dir='ltr'>populum,</span> <span class='ocrx_word' id='word_1_122' title='bbox 396 1265 421 1305; x_wconf 92' lang='lat' dir='ltr'>sit</span> <span class='ocrx_word' id='word_1_123' title='bbox 434 1269 560 1317; x_wconf 84' lang='lat' dir='ltr'>praeceptor,</span> <span class='ocrx_word' id='word_1_124' title='bbox 576 1278 612 1318; x_wconf 81' lang='lat' dir='ltr'>ego</span> <span class='ocrx_word' id='word_1_125' title='bbox 623 1264 738 1317; x_wconf 88' lang='lat' dir='ltr'>discipulus,</span> <span class='ocrx_word' id='word_1_126' title='bbox 754 1265 780 1305; x_wconf 91' lang='lat' dir='ltr'>sit</span> 
     </span>
     <span class='ocr_line' id='line_1_17' title="bbox 47 1330 778 1386; baseline -0.001 -12"><span class='ocrx_word' id='word_1_127' title='bbox 47 1335 139 1376; x_wconf 77' lang='lat' dir='ltr'>sacerdos</span> <span class='ocrx_word' id='word_1_128' title='bbox 155 1346 246 1386; x_wconf 82' lang='lat' dir='ltr'>magnus,</span> <span class='ocrx_word' id='word_1_129' title='bbox 268 1335 414 1386; x_wconf 70' lang='lat' dir='ltr'>agapinum,</span> <span class='ocrx_word' id='word_1_130' title='bbox 429 1330 515 1375; x_wconf 83' lang='lat' dir='ltr'>libenter</span> <span class='ocrx_word' id='word_1_131' title='bbox 526 1336 618 1385; x_wconf 78' lang='lat' dir='ltr'>serviam,</span> <span class='ocrx_word' id='word_1_132' title='bbox 639 1337 667 1376; x_wconf 90' lang='lat' dir='ltr'>ire</span> <span class='ocrx_word' id='word_1_133' title='bbox 681 1334 740 1373; x_wconf 86' lang='lat' dir='ltr'>modo</span> <span class='ocrx_word' id='word_1_134' title='bbox 756 1346 778 1373; x_wconf 89' lang='lat' dir='ltr'>ac</span> 
     </span>
     <span class='ocr_line' id='line_1_18' title="bbox 47 1402 780 1454; baseline 0.004 -14"><span class='ocrx_word' id='word_1_135' title='bbox 47 1408 118 1441; x_wconf 87' lang='lat' dir='ltr'>terram</span> <span class='ocrx_word' id='word_1_136' title='bbox 131 1402 197 1442; x_wconf 83' lang='lat' dir='ltr'>videre</span> <span class='ocrx_word' id='word_1_137' title='bbox 211 1402 281 1441; x_wconf 78' lang='lat' dir='ltr'>liceat</span> <span class='ocrx_word' id='word_1_138' title='bbox 302 1402 338 1440; x_wconf 87' lang='lat' dir='ltr'>De.</span> <span class='ocrx_word' id='word_1_139' title='bbox 352 1403 393 1452; x_wconf 80' lang='lat' dir='ltr'>Ego</span> <span class='ocrx_word' id='word_1_140' title='bbox 407 1415 479 1441; x_wconf 88' lang='lat' dir='ltr'>nomen</span> <span class='ocrx_word' id='word_1_141' title='bbox 493 1414 557 1441; x_wconf 88' lang='lat' dir='ltr'>meum</span> <span class='ocrx_word' id='word_1_142' title='bbox 571 1414 660 1454; x_wconf 85' lang='lat' dir='ltr'>magnum</span> <span class='ocrx_word' id='word_1_143' title='bbox 672 1402 745 1452; x_wconf 87' lang='lat' dir='ltr'>jurari,</span> <span class='ocrx_word' id='word_1_144' title='bbox 759 1407 780 1443; x_wconf 91' lang='lat' dir='ltr'>te</span> 
     </span>
     <span class='ocr_line' id='line_1_19' title="bbox 49 1468 781 1522; baseline -0.001 -13"><span class='ocrx_word' id='word_1_145' title='bbox 49 1482 89 1509; x_wconf 91' lang='lat' dir='ltr'>non</span> <span class='ocrx_word' id='word_1_146' title='bbox 104 1470 232 1510; x_wconf 88' lang='lat' dir='ltr'>transiturum.</span> <span class='ocrx_word' id='word_1_147' title='bbox 261 1469 311 1510; x_wconf 90' lang='lat' dir='ltr'>Mos.</span> <span class='ocrx_word' id='word_1_148' title='bbox 327 1468 348 1507; x_wconf 89' lang='lat' dir='ltr'>Si</span> <span class='ocrx_word' id='word_1_149' title='bbox 361 1470 468 1521; x_wconf 85' lang='lat' dir='ltr'>permittis,</span> <span class='ocrx_word' id='word_1_150' title='bbox 488 1481 525 1522; x_wconf 79' lang='lat' dir='ltr'>ego</span> <span class='ocrx_word' id='word_1_151' title='bbox 539 1469 559 1508; x_wconf 91' lang='lat' dir='ltr'>in</span> <span class='ocrx_word' id='word_1_152' title='bbox 573 1470 641 1509; x_wconf 80' lang='lat' dir='ltr'>virtute</span> <span class='ocrx_word' id='word_1_153' title='bbox 655 1469 739 1509; x_wconf 87' lang='lat' dir='ltr'>nominis</span> <span class='ocrx_word' id='word_1_154' title='bbox 753 1469 781 1509; x_wconf 90' lang='lat' dir='ltr'>tui</span> 
     </span>
     <span class='ocr_line' id='line_1_20' title="bbox 49 1536 780 1593; baseline -0.001 -13"><span class='ocrx_word' id='word_1_155' title='bbox 49 1540 133 1581; x_wconf 84' lang='lat' dir='ltr'>uolucris</span> <span class='ocrx_word' id='word_1_156' title='bbox 147 1537 203 1593; x_wconf 76' lang='lat' dir='ltr'>dam,</span> <span class='ocrx_word' id='word_1_157' title='bbox 219 1550 240 1578; x_wconf 86' lang='lat' dir='ltr'>ac</span> <span class='ocrx_word' id='word_1_158' title='bbox 256 1536 339 1590; x_wconf 75' lang='lat' dir='ltr'>desuper</span> <span class='ocrx_word' id='word_1_159' title='bbox 353 1536 457 1578; x_wconf 85' lang='lat' dir='ltr'>Jordanem</span> <span class='ocrx_word' id='word_1_160' title='bbox 470 1537 537 1579; x_wconf 87' lang='lat' dir='ltr'>volans</span> <span class='ocrx_word' id='word_1_161' title='bbox 553 1538 622 1578; x_wconf 87' lang='lat' dir='ltr'>terram</span> <span class='ocrx_word' id='word_1_162' title='bbox 632 1537 665 1578; x_wconf 91' lang='lat' dir='ltr'>iho</span> <span class='ocrx_word' id='word_1_163' title='bbox 675 1543 694 1580; x_wconf 92' lang='lat' dir='ltr'>et</span> <span class='ocrx_word' id='word_1_164' title='bbox 703 1537 780 1580; x_wconf 83' lang='lat' dir='ltr'>ridebo.</span> 
     </span>
     <span class='ocr_line' id='line_1_21' title="bbox 49 1606 780 1658; baseline -0.003 -9"><span class='ocrx_word' id='word_1_165' title='bbox 49 1610 83 1649; x_wconf 88' lang='lat' dir='ltr'>De.</span> <span class='ocrx_word' id='word_1_166' title='bbox 106 1609 133 1649; x_wconf 86' lang='lat' dir='ltr'>lta</span> <span class='ocrx_word' id='word_1_167' title='bbox 148 1608 164 1649; x_wconf 92' lang='lat' dir='ltr'>si</span> <span class='ocrx_word' id='word_1_168' title='bbox 179 1607 259 1654; x_wconf 84' lang='lat' dir='ltr'>feceris,</span> <span class='ocrx_word' id='word_1_169' title='bbox 274 1606 348 1647; x_wconf 88' lang='lat' dir='ltr'>irritum</span> <span class='ocrx_word' id='word_1_170' title='bbox 364 1606 415 1658; x_wconf 88' lang='lat' dir='ltr'>quod</span> <span class='ocrx_word' id='word_1_171' title='bbox 427 1606 489 1657; x_wconf 70' lang='lat' dir='ltr'>iuravi</span> <span class='ocrx_word' id='word_1_172' title='bbox 504 1606 651 1648; x_wconf 85' lang='lat' dir='ltr'>sacramentum</span> <span class='ocrx_word' id='word_1_173' title='bbox 660 1608 701 1649; x_wconf 82' lang='lat' dir='ltr'>erit</span> <span class='ocrx_word' id='word_1_174' title='bbox 730 1608 780 1648; x_wconf 83' lang='lat' dir='ltr'>Mos.</span> 
     </span>
     <span class='ocr_line' id='line_1_22' title="bbox 51 1674 780 1728; baseline 0.001 -14"><span class='ocrx_word' id='word_1_175' title='bbox 51 1676 97 1714; x_wconf 87' lang='lat' dir='ltr'>Sine</span> <span class='ocrx_word' id='word_1_176' title='bbox 113 1685 144 1714; x_wconf 89' lang='lat' dir='ltr'>me</span> <span class='ocrx_word' id='word_1_177' title='bbox 157 1676 232 1725; x_wconf 88' lang='lat' dir='ltr'>piscem</span> <span class='ocrx_word' id='word_1_178' title='bbox 246 1674 299 1720; x_wconf 87' lang='lat' dir='ltr'>fieri,</span> <span class='ocrx_word' id='word_1_179' title='bbox 322 1676 363 1714; x_wconf 89' lang='lat' dir='ltr'>sine</span> <span class='ocrx_word' id='word_1_180' title='bbox 379 1676 466 1726; x_wconf 78' lang='lat' dir='ltr'>&#39;pinnulis</span> <span class='ocrx_word' id='word_1_181' title='bbox 486 1675 574 1721; x_wconf 82' lang='lat' dir='ltr'>brachia,</span> <span class='ocrx_word' id='word_1_182' title='bbox 593 1676 673 1727; x_wconf 75' lang='lat' dir='ltr'>capillos</span> <span class='ocrx_word' id='word_1_183' title='bbox 695 1676 780 1728; x_wconf 80' lang='lat' dir='ltr'>squamis</span> 
     </span>
     <span class='ocr_line' id='line_1_23' title="bbox 50 1734 781 1794; baseline -0.001 -11"><span class='ocrx_word' id='word_1_184' title='bbox 50 1743 129 1791; x_wconf 89' lang='lat' dir='ltr'>mutari,</span> <span class='ocrx_word' id='word_1_185' title='bbox 150 1748 191 1783; x_wconf 86' lang='lat' dir='ltr'>turn</span> <span class='ocrx_word' id='word_1_186' title='bbox 211 1734 269 1794; x_wconf 73' lang='lat' dir='ltr'>aquas</span> <span class='ocrx_word' id='word_1_187' title='bbox 289 1745 364 1782; x_wconf 89' lang='lat' dir='ltr'>tranare</span> <span class='ocrx_word' id='word_1_188' title='bbox 386 1754 408 1781; x_wconf 89' lang='lat' dir='ltr'>ac</span> <span class='ocrx_word' id='word_1_189' title='bbox 427 1745 497 1782; x_wconf 84' lang='lat' dir='ltr'>terram</span> <span class='ocrx_word' id='word_1_190' title='bbox 516 1743 585 1783; x_wconf 89' lang='lat' dir='ltr'>intueri</span> <span class='ocrx_word' id='word_1_191' title='bbox 605 1743 676 1784; x_wconf 88' lang='lat' dir='ltr'>licebit.</span> <span class='ocrx_word' id='word_1_192' title='bbox 696 1743 739 1783; x_wconf 64' lang='lat' dir='ltr'>&gt;De</span> <span class='ocrx_word' id='word_1_193' title='bbox 753 1743 781 1783; x_wconf 89' lang='lat' dir='ltr'>lta</span> 
     </span>
     <span class='ocr_line' id='line_1_24' title="bbox 51 1800 780 1863; baseline 0 -12"><span class='ocrx_word' id='word_1_194' title='bbox 51 1811 110 1851; x_wconf 90' lang='lat' dir='ltr'>etiam</span> <span class='ocrx_word' id='word_1_195' title='bbox 123 1811 239 1851; x_wconf 86' lang='lat' dir='ltr'>sacramenti</span> <span class='ocrx_word' id='word_1_196' title='bbox 252 1810 311 1850; x_wconf 80' lang='lat' dir='ltr'>falsus</span> <span class='ocrx_word' id='word_1_197' title='bbox 326 1809 391 1856; x_wconf 88' lang='lat' dir='ltr'>fuero,</span> <span class='ocrx_word' id='word_1_198' title='bbox 408 1811 488 1862; x_wconf 77' lang='lat' dir='ltr'>abyssus</span> <span class='ocrx_word' id='word_1_199' title='bbox 502 1817 600 1863; x_wconf 90' lang='lat' dir='ltr'>praeterea</span> <span class='ocrx_word' id='word_1_200' title='bbox 610 1800 671 1852; x_wconf 86' lang='lat' dir='ltr'>lonae</span> <span class='ocrx_word' id='word_1_201' title='bbox 686 1824 780 1853; x_wconf 87' lang='lat' dir='ltr'>concessa</span> 
     </span>
     <span class='ocr_line' id='line_1_25' title="bbox 52 1879 781 1930; baseline 0.004 -13"><span class='ocrx_word' id='word_1_202' title='bbox 52 1883 91 1918; x_wconf 89' lang='lat' dir='ltr'>est:</span> <span class='ocrx_word' id='word_1_203' title='bbox 113 1879 272 1930; x_wconf 74' lang='lat' dir='ltr'>etdhyssus</span> <span class='ocrx_word' id='word_1_204' title='bbox 294 1879 536 1919; x_wconf 78' lang='lat' dir='ltr'>circumdeditmc.</span> <span class='ocrx_word' id='word_1_205' title='bbox 563 1880 614 1920; x_wconf 86' lang='lat' dir='ltr'>illos.</span> <span class='ocrx_word' id='word_1_206' title='bbox 628 1880 723 1926; x_wconf 75' lang='lat' dir='ltr'>Domine,</span> <span class='ocrx_word' id='word_1_207' title='bbox 739 1880 781 1920; x_wconf 88' lang='lat' dir='ltr'>sine</span> 
     </span>
     <span class='ocr_line' id='line_1_26' title="bbox 51 1937 781 2004; baseline 0.004 -19"><span class='ocrx_word' id='word_1_208' title='bbox 51 1958 82 1985; x_wconf 89' lang='lat' dir='ltr'>me</span> <span class='ocrx_word' id='word_1_209' title='bbox 101 1957 159 1997; x_wconf 87' lang='lat' dir='ltr'>super</span> <span class='ocrx_word' id='word_1_210' title='bbox 179 1945 241 1985; x_wconf 86' lang='lat' dir='ltr'>nubes</span> <span class='ocrx_word' id='word_1_211' title='bbox 260 1937 280 1983; x_wconf 90' lang='lat' dir='ltr'>in</span> <span class='ocrx_word' id='word_1_212' title='bbox 302 1946 356 1991; x_wconf 78' lang='lat' dir='ltr'>ac&#39;re,</span> <span class='ocrx_word' id='word_1_213' title='bbox 379 1945 438 1984; x_wconf 86' lang='lat' dir='ltr'>trihus</span> <span class='ocrx_word' id='word_1_214' title='bbox 459 1947 571 2004; x_wconf 82' lang='lat' dir='ltr'>parasangis</span> <span class='ocrx_word' id='word_1_215' title='bbox 591 1946 674 1987; x_wconf 78' lang='lat' dir='ltr'>iordane</span> <span class='ocrx_word' id='word_1_216' title='bbox 694 1948 781 1989; x_wconf 88' lang='lat' dir='ltr'>altiorem</span> 
     </span>
     <span class='ocr_line' id='line_1_27' title="bbox 51 2014 782 2069; baseline 0.005 -16"><span class='ocrx_word' id='word_1_217' title='bbox 51 2015 164 2065; x_wconf 86' lang='lat' dir='ltr'>promissam</span> <span class='ocrx_word' id='word_1_218' title='bbox 183 2017 254 2055; x_wconf 84' lang='lat' dir='ltr'>terram</span> <span class='ocrx_word' id='word_1_219' title='bbox 274 2015 302 2054; x_wconf 90' lang='lat' dir='ltr'>sic</span> <span class='ocrx_word' id='word_1_220' title='bbox 321 2015 349 2054; x_wconf 92' lang='lat' dir='ltr'>ire</span> <span class='ocrx_word' id='word_1_221' title='bbox 370 2019 392 2054; x_wconf 78' lang='lat' dir='ltr'>et&#39;</span> <span class='ocrx_word' id='word_1_222' title='bbox 409 2014 511 2065; x_wconf 88' lang='lat' dir='ltr'>inspicere.</span> <span class='ocrx_word' id='word_1_223' title='bbox 523 2035 525 2038; x_wconf 96' lang='lat'>·</span> <span class='ocrx_word' id='word_1_224' title='bbox 539 2015 575 2055; x_wconf 87' lang='lat' dir='ltr'>Dc.</span> <span class='ocrx_word' id='word_1_225' title='bbox 589 2016 616 2056; x_wconf 89' lang='lat' dir='ltr'>lta</span> <span class='ocrx_word' id='word_1_226' title='bbox 631 2027 707 2069; x_wconf 86' lang='lat' dir='ltr'>qnoque</span> <span class='ocrx_word' id='word_1_227' title='bbox 719 2016 782 2068; x_wconf 85' lang='lat' dir='ltr'>jusju-</span> 
     </span>
     <span class='ocr_line' id='line_1_28' title="bbox 53 2083 783 2137; baseline 0.008 -15"><span class='ocrx_word' id='word_1_228' title='bbox 53 2084 134 2124; x_wconf 88' lang='lat' dir='ltr'>randum</span> <span class='ocrx_word' id='word_1_229' title='bbox 149 2096 214 2124; x_wconf 88' lang='lat' dir='ltr'>meum</span> <span class='ocrx_word' id='word_1_230' title='bbox 228 2083 344 2126; x_wconf 64' lang='lat' dir='ltr'>violabitur:</span> <span class='ocrx_word' id='word_1_231' title='bbox 355 2083 424 2122; x_wconf 89' lang='lat' dir='ltr'>deinde</span> <span class='ocrx_word' id='word_1_232' title='bbox 440 2084 519 2134; x_wconf 90' lang='lat' dir='ltr'>scripsi:</span> <span class='ocrx_word' id='word_1_233' title='bbox 540 2084 594 2123; x_wconf 91' lang='lat' dir='ltr'>Non</span> <span class='ocrx_word' id='word_1_234' title='bbox 609 2085 719 2137; x_wconf 73' lang='lat' dir='ltr'>attinges</span> <span class='ocrx_word' id='word_1_235' title='bbox 733 2091 783 2128; x_wconf 87' lang='lat' dir='ltr'>ter-</span> 
     </span>
     <span class='ocr_line' id='line_1_29' title="bbox 52 2144 784 2205; baseline 0.003 -13"><span class='ocrx_word' id='word_1_236' title='bbox 52 2152 143 2192; x_wconf 92' lang='lat' dir='ltr'>minum</span> <span class='ocrx_word' id='word_1_237' title='bbox 158 2151 227 2199; x_wconf 80' lang='lat' dir='ltr'>socii</span> <span class='ocrx_word' id='word_1_238' title='bbox 242 2150 285 2190; x_wconf 89' lang='lat' dir='ltr'>tui.</span> <span class='ocrx_word' id='word_1_239' title='bbox 302 2144 354 2190; x_wconf 51' lang='lat' dir='ltr'>&#39;der</span> <span class='ocrx_word' id='word_1_240' title='bbox 373 2155 435 2191; x_wconf 89' lang='lat' dir='ltr'>autem</span> <span class='ocrx_word' id='word_1_241' title='bbox 455 2156 474 2192; x_wconf 90' lang='lat' dir='ltr'>et</span> <span class='ocrx_word' id='word_1_242' title='bbox 493 2151 555 2191; x_wconf 88' lang='lat' dir='ltr'>nubes</span> <span class='ocrx_word' id='word_1_243' title='bbox 573 2152 626 2193; x_wconf 85' lang='lat' dir='ltr'>Eliae</span> <span class='ocrx_word' id='word_1_244' title='bbox 638 2152 679 2204; x_wconf 87' lang='lat' dir='ltr'>jam</span> <span class='ocrx_word' id='word_1_245' title='bbox 692 2155 784 2205; x_wconf 85' lang='lat' dir='ltr'>permissi</span> 
     </span>
     <span class='ocr_line' id='line_1_30' title="bbox 54 2219 784 2266; baseline 0.007 -8"><span class='ocrx_word' id='word_1_246' title='bbox 54 2226 108 2261; x_wconf 88' lang='lat' dir='ltr'>sunt:</span> <span class='ocrx_word' id='word_1_247' title='bbox 126 2221 156 2260; x_wconf 84' lang='lat' dir='ltr'>nt</span> <span class='ocrx_word' id='word_1_248' title='bbox 174 2220 222 2259; x_wconf 88' lang='lat' dir='ltr'>init</span> <span class='ocrx_word' id='word_1_249' title='bbox 242 2231 296 2259; x_wconf 91' lang='lat' dir='ltr'>cnm</span> <span class='ocrx_word' id='word_1_250' title='bbox 312 2219 479 2266; x_wconf 86' lang='lat' dir='ltr'>ascenderet,</span> <span class='ocrx_word' id='word_1_251' title='bbox 494 2225 530 2259; x_wconf 88' lang='lat' dir='ltr'>etc.</span> <span class='ocrx_word' id='word_1_252' title='bbox 547 2225 566 2260; x_wconf 85' lang='lat' dir='ltr'>el</span> <span class='ocrx_word' id='word_1_253' title='bbox 580 2220 634 2260; x_wconf 92' lang='lat' dir='ltr'>alibi:</span> <span class='ocrx_word' id='word_1_254' title='bbox 654 2223 784 2263; x_wconf 78' lang='lat' dir='ltr'>Ascendit</span> 
     </span>
     <span class='ocr_line' id='line_1_31' title="bbox 52 2288 784 2341; baseline 0.001 -12"><span class='ocrx_word' id='word_1_255' title='bbox 52 2288 121 2330; x_wconf 73' lang='lat' dir='ltr'>Elias‘</span> <span class='ocrx_word' id='word_1_256' title='bbox 135 2289 158 2329; x_wconf 89' lang='lat' dir='ltr'>in</span> <span class='ocrx_word' id='word_1_257' title='bbox 173 2288 278 2329; x_wconf 85' lang='lat' dir='ltr'>turbine</span> <span class='ocrx_word' id='word_1_258' title='bbox 293 2288 323 2329; x_wconf 91' lang='lat' dir='ltr'>ad</span> <span class='ocrx_word' id='word_1_259' title='bbox 338 2290 437 2330; x_wconf 89' lang='lat' dir='ltr'>coelos:</span> <span class='ocrx_word' id='word_1_260' title='bbox 453 2289 555 2340; x_wconf 82' lang='lat' dir='ltr'>[lurigitur</span> <span class='ocrx_word' id='word_1_261' title='bbox 570 2290 621 2341; x_wconf 88' lang='lat' dir='ltr'>quod</span> <span class='ocrx_word' id='word_1_262' title='bbox 634 2290 669 2330; x_wconf 90' lang='lat' dir='ltr'>tihi</span> <span class='ocrx_word' id='word_1_263' title='bbox 683 2288 723 2329; x_wconf 88' lang='lat' dir='ltr'>non</span> <span class='ocrx_word' id='word_1_264' title='bbox 738 2303 784 2330; x_wconf 90' lang='lat' dir='ltr'>con-</span> 
     </span>
     <span class='ocr_line' id='line_1_32' title="bbox 54 2354 784 2407; baseline 0.004 -11"><span class='ocrx_word' id='word_1_265' title='bbox 54 2354 188 2402; x_wconf 72' lang='lat' dir='ltr'>cassanen,</span> <span class='ocrx_word' id='word_1_266' title='bbox 203 2357 267 2407; x_wconf 79' lang='lat' dir='ltr'>petis?</span> <span class='ocrx_word' id='word_1_267' title='bbox 295 2357 344 2397; x_wconf 77' lang='lat' dir='ltr'>llos,</span> <span class='ocrx_word' id='word_1_268' title='bbox 359 2357 453 2403; x_wconf 85' lang='lat' dir='ltr'>Domine,</span> <span class='ocrx_word' id='word_1_269' title='bbox 476 2355 552 2406; x_wconf 83' lang='lat' dir='ltr'>abjiciat</span> <span class='ocrx_word' id='word_1_270' title='bbox 572 2356 672 2396; x_wconf 88' lang='lat' dir='ltr'>concisum</span> <span class='ocrx_word' id='word_1_271' title='bbox 689 2357 710 2396; x_wconf 92' lang='lat' dir='ltr'>in</span> <span class='ocrx_word' id='word_1_272' title='bbox 723 2358 784 2399; x_wconf 81' lang='lat' dir='ltr'>frusta</span> 
     </span>
     <span class='ocr_line' id='line_1_33' title="bbox 53 2422 795 2475; baseline 0.004 -11"><span class='ocrx_word' id='word_1_273' title='bbox 53 2429 104 2464; x_wconf 89' lang='lat' dir='ltr'>trans</span> <span class='ocrx_word' id='word_1_274' title='bbox 116 2423 220 2463; x_wconf 85' lang='lat' dir='ltr'>Jordanem</span> <span class='ocrx_word' id='word_1_275' title='bbox 235 2432 306 2473; x_wconf 88' lang='lat' dir='ltr'>corpus</span> <span class='ocrx_word' id='word_1_276' title='bbox 320 2434 384 2462; x_wconf 91' lang='lat' dir='ltr'>meum</span> <span class='ocrx_word' id='word_1_277' title='bbox 395 2422 472 2463; x_wconf 79' lang='lat' dir='ltr'>Gabriiil</span> <span class='ocrx_word' id='word_1_278' title='bbox 486 2422 583 2475; x_wconf 80' lang='lat' dir='ltr'>Angelus,</span> <span class='ocrx_word' id='word_1_279' title='bbox 599 2423 630 2462; x_wconf 91' lang='lat' dir='ltr'>cui</span> <span class='ocrx_word' id='word_1_280' title='bbox 644 2426 795 2474; x_wconf 83' lang='lat' dir='ltr'>postearitam-</span> 
     </span>
     <span class='ocr_line' id='line_1_34' title="bbox 53 2488 785 2540; baseline 0.001 -8"><span class='ocrx_word' id='word_1_281' title='bbox 53 2493 134 2539; x_wconf 88' lang='lat' dir='ltr'>reddes,</span> <span class='ocrx_word' id='word_1_282' title='bbox 148 2494 252 2530; x_wconf 86' lang='lat' dir='ltr'>ulterram</span> <span class='ocrx_word' id='word_1_283' title='bbox 266 2488 316 2527; x_wconf 88' lang='lat' dir='ltr'>hanc</span> <span class='ocrx_word' id='word_1_284' title='bbox 330 2488 399 2528; x_wconf 89' lang='lat' dir='ltr'>intueri</span> <span class='ocrx_word' id='word_1_285' title='bbox 410 2492 429 2528; x_wconf 92' lang='lat' dir='ltr'>et</span> <span class='ocrx_word' id='word_1_286' title='bbox 443 2488 516 2528; x_wconf 90' lang='lat' dir='ltr'>calcare</span> <span class='ocrx_word' id='word_1_287' title='bbox 531 2489 610 2540; x_wconf 88' lang='lat' dir='ltr'>possim.</span> <span class='ocrx_word' id='word_1_288' title='bbox 639 2491 674 2531; x_wconf 86' lang='lat' dir='ltr'>De.</span> <span class='ocrx_word' id='word_1_289' title='bbox 689 2492 717 2531; x_wconf 89' lang='lat' dir='ltr'>lta</span> <span class='ocrx_word' id='word_1_290' title='bbox 727 2494 785 2533; x_wconf 87' lang='lat' dir='ltr'>etiam</span> 
     </span>
    </p>
   </div>
   <div class='ocr_carea' id='block_1_3' title="bbox 54 2556 789 2946">
    <p class='ocr_par' dir='ltr' id='par_1_3' title="bbox 54 2556 785 2617">
     <span class='ocr_line' id='line_1_35' title="bbox 54 2556 785 2617; baseline 0.007 -20"><span class='ocrx_word' id='word_1_291' title='bbox 54 2558 123 2601; x_wconf 80' lang='lat' dir='ltr'>frustra</span> <span class='ocrx_word' id='word_1_292' title='bbox 135 2558 232 2610; x_wconf 80' lang='lat' dir='ltr'>juravere.</span> <span class='ocrx_word' id='word_1_293' title='bbox 260 2556 310 2617; x_wconf 82' lang='lat' dir='ltr'>illos.</span> <span class='ocrx_word' id='word_1_294' title='bbox 331 2556 385 2596; x_wconf 91' lang='lat' dir='ltr'>Hanc</span> <span class='ocrx_word' id='word_1_295' title='bbox 404 2557 471 2596; x_wconf 88' lang='lat' dir='ltr'>saltem</span> <span class='ocrx_word' id='word_1_296' title='bbox 489 2556 509 2596; x_wconf 94' lang='lat' dir='ltr'>in</span> <span class='ocrx_word' id='word_1_297' title='bbox 523 2558 598 2598; x_wconf 86' lang='lat' dir='ltr'>risione</span> <span class='ocrx_word' id='word_1_298' title='bbox 614 2558 666 2597; x_wconf 93' lang='lat' dir='ltr'>oculi</span> <span class='ocrx_word' id='word_1_299' title='bbox 679 2560 748 2601; x_wconf 91' lang='lat' dir='ltr'>intueri</span> <span class='ocrx_word' id='word_1_300' title='bbox 763 2562 785 2602; x_wconf 93' lang='lat' dir='ltr'>li-</span> 
     </span>
    </p>

    <p class='ocr_par' dir='ltr' id='par_1_4' title="bbox 56 2612 785 2688">
     <span class='ocr_line' id='line_1_36' title="bbox 56 2612 785 2688; baseline 0.004 -20"><span class='ocrx_word' id='word_1_301' title='bbox 56 2634 103 2670; x_wconf 81' lang='lat' dir='ltr'>ccat.</span> <span class='ocrx_word' id='word_1_302' title='bbox 130 2630 166 2669; x_wconf 90' lang='lat' dir='ltr'>De.</span> <span class='ocrx_word' id='word_1_303' title='bbox 180 2628 256 2673; x_wconf 84' lang='lat' dir='ltr'>Placet,</span> <span class='ocrx_word' id='word_1_304' title='bbox 277 2612 369 2688; x_wconf 65' lang='lat' dir='ltr'>sp‘iriptum</span> <span class='ocrx_word' id='word_1_305' title='bbox 384 2630 414 2666; x_wconf 86' lang='lat' dir='ltr'>est</span> <span class='ocrx_word' id='word_1_306' title='bbox 428 2625 497 2665; x_wconf 61' lang='lat' dir='ltr'>enims</span> <span class='ocrx_word' id='word_1_307' title='bbox 509 2625 541 2666; x_wconf 82' lang='lat' dir='ltr'>Ex</span> <span class='ocrx_word' id='word_1_308' title='bbox 555 2627 676 2679; x_wconf 86' lang='lat' dir='ltr'>proximo</span> <span class='ocrx_word' id='word_1_309' title='bbox 690 2633 785 2671; x_wconf 88' lang='lat' dir='ltr'>terram</span> 
     </span>
    </p>

    <p class='ocr_par' dir='ltr' id='par_1_5' title="bbox 54 2693 784 2747">
     <span class='ocr_line' id='line_1_37' title="bbox 54 2693 784 2747; baseline 0 -9"><span class='ocrx_word' id='word_1_310' title='bbox 54 2699 76 2738; x_wconf 81' lang='lat' dir='ltr'>ri</span> <span class='ocrx_word' id='word_1_311' title='bbox 85 2694 168 2738; x_wconf 86' lang='lat' dir='ltr'>debis.</span> <span class='ocrx_word' id='word_1_312' title='bbox 187 2695 245 2747; x_wconf 83' lang='lat' dir='ltr'>igitur</span> <span class='ocrx_word' id='word_1_313' title='bbox 254 2694 308 2734; x_wconf 87' lang='lat' dir='ltr'>Deus</span> <span class='ocrx_word' id='word_1_314' title='bbox 320 2694 417 2746; x_wconf 84' lang='lat' dir='ltr'>octoginta</span> <span class='ocrx_word' id='word_1_315' title='bbox 426 2693 514 2734; x_wconf 89' lang='lat' dir='ltr'>milliaria</span> <span class='ocrx_word' id='word_1_316' title='bbox 526 2694 663 2746; x_wconf 88' lang='lat' dir='ltr'>amplissimum</span> <span class='ocrx_word' id='word_1_317' title='bbox 677 2699 784 2747; x_wconf 88' lang='lat' dir='ltr'>promissae</span> 
     </span>
    </p>

    <p class='ocr_par' dir='ltr' id='par_1_6' title="bbox 55 2761 785 2817">
     <span class='ocr_line' id='line_1_38' title="bbox 55 2761 785 2817; baseline 0.001 -13"><span class='ocrx_word' id='word_1_318' title='bbox 55 2769 118 2806; x_wconf 85' lang='lat' dir='ltr'>terrae</span> <span class='ocrx_word' id='word_1_319' title='bbox 133 2766 215 2817; x_wconf 87' lang='lat' dir='ltr'>spatium</span> <span class='ocrx_word' id='word_1_320' title='bbox 230 2762 291 2801; x_wconf 89' lang='lat' dir='ltr'>oculis</span> <span class='ocrx_word' id='word_1_321' title='bbox 306 2762 348 2812; x_wconf 80' lang='lat' dir='ltr'>eJ&#39;us</span> <span class='ocrx_word' id='word_1_322' title='bbox 364 2761 457 2813; x_wconf 83' lang='lat' dir='ltr'>subjecit,</span> <span class='ocrx_word' id='word_1_323' title='bbox 477 2762 554 2815; x_wconf 88' lang='lat' dir='ltr'>illisque</span> <span class='ocrx_word' id='word_1_324' title='bbox 570 2768 643 2805; x_wconf 82' lang='lat' dir='ltr'>lanium</span> <span class='ocrx_word' id='word_1_325' title='bbox 657 2765 723 2805; x_wconf 84' lang='lat' dir='ltr'>virium</span> <span class='ocrx_word' id='word_1_326' title='bbox 736 2764 785 2805; x_wconf 87' lang='lat' dir='ltr'>indi-</span> 
     </span>
    </p>

    <p class='ocr_par' dir='ltr' id='par_1_7' title="bbox 56 2825 789 2946">
     <span class='ocr_line' id='line_1_39' title="bbox 56 2825 789 2883; baseline 0.003 -12"><span class='ocrx_word' id='word_1_327' title='bbox 56 2831 93 2880; x_wconf 85' lang='lat' dir='ltr'>dit,</span> <span class='ocrx_word' id='word_1_328' title='bbox 115 2838 137 2874; x_wconf 88' lang='lat' dir='ltr'>ut</span> <span class='ocrx_word' id='word_1_329' title='bbox 158 2832 180 2873; x_wconf 89' lang='lat' dir='ltr'>ah</span> <span class='ocrx_word' id='word_1_330' title='bbox 202 2830 256 2873; x_wconf 85' lang='lat' dir='ltr'>initio</span> <span class='ocrx_word' id='word_1_331' title='bbox 278 2828 448 2878; x_wconf 72' lang='lat' dir='ltr'>ad-iinem&#39;alta,</span> <span class='ocrx_word' id='word_1_332' title='bbox 471 2829 560 2878; x_wconf 85' lang='lat' dir='ltr'>declivia,</span> <span class='ocrx_word' id='word_1_333' title='bbox 582 2830 652 2881; x_wconf 82' lang='lat' dir='ltr'>densa,</span> <span class='ocrx_word' id='word_1_334' title='bbox 671 2833 745 2883; x_wconf 87' lang='lat' dir='ltr'>patula,</span> <span class='ocrx_word' id='word_1_335' title='bbox 765 2825 789 2873; x_wconf 35' lang='lat' dir='ltr'>et*</span> 
     </span>
     <span class='ocr_line' id='line_1_40' title="bbox 77 2899 702 2946; baseline 0.014 -13"><span class='ocrx_word' id='word_1_336' title='bbox 77 2899 139 2946; x_wconf 83' lang='lat' dir='ltr'>Proplr.</span> <span class='ocrx_word' id='word_1_337' title='bbox 280 2924 281 2928; x_wconf 60' lang='lat'><em>=</em></span> <span class='ocrx_word' id='word_1_338' title='bbox 403 2921 405 2925; x_wconf 94' lang='lat'>·</span> <span class='ocrx_word' id='word_1_339' title='bbox 628 2902 655 2942; x_wconf 76' lang='lat'>23</span> <span class='ocrx_word' id='word_1_340' title='bbox 700 2937 702 2941; x_wconf 36' lang='lat' dir='ltr'>t</span> 
     </span>
    </p>
   </div>
   <div class='ocr_carea' id='block_1_4' title="bbox 0 0 923 3145">
    <p class='ocr_par' dir='ltr' id='par_1_8' title="bbox 0 0 923 3145">
     <span class='ocr_line' id='line_1_41' title="bbox 0 0 923 3145; baseline 0 0"><span class='ocrx_word' id='word_1_341' title='bbox 0 0 923 3145; x_wconf 95' lang='lat' dir='ltr'> </span> 
     </span>
    </p>
   </div>
  </div>
 </body>
</html>
