1807 3145
255 196 256 199 Ἴ
320 212 345 246 Da
356 216 408 245 morte
420 209 481 245 illesis
723 213 763 252 325

35 303 135 372 Satishoc
150 341 245 380 superque
259 328 299 374 tibi,
315 326 468 368 advenitlosuae
481 330 564 377 tenipus,
580 337 617 377 quo
629 326 688 367 lsrael
701 330 762 377 reget,

35 466 80 512 sol,
96 469 118 505 et
133 464 228 505 occidit
242 464 287 504 sol.
316 463 366 504 llos.
381 462 468 508 Domine,
484 460 501 501 si
515 474 546 501 me
561 460 599 501 fato
615 459 692 513 defungi
706 471 762 513 opor-

34 540 65 580 tet,
81 537 100 573 at
113 533 178 573 locum
192 545 257 574 meum
271 535 303 571 aut
316 531 350 570 filii
364 532 416 577 mei,
432 534 463 570 aut
473 530 542 570 saltem
552 530 672 569 exAharone
681 534 763 581 nepotes

35 601 141 642 obtineant
165 602 200 641 De.
214 601 259 641 illos
273 600 293 637 in
307 604 377 638 terram
391 599 507 649 promissam
520 598 579 638 losue
595 597 683 637 deducet.
713 596 763 636 Tum

33 682 78 710 xero
92 668 165 715 Moses,
183 675 204 708 ut
223 667 299 707 firmum
317 668 390 706 futurae
409 677 455 706 suae
470 666 537 707 mortis
552 666 652 719 decretum
665 664 763 711 intellexit,

33 744 93 779 totum
108 737 160 789 quod
178 737 211 776 illo
232 736 295 787 eapite
315 734 429 774 describitur
444 735 509 786 gessit.
538 735 561 775 Et
574 735 607 775 ivit
620 734 688 775 Moses
703 738 722 775 et
736 735 764 774 lo-

34 812 102 858 quutus
113 809 143 845 est
153 805 176 845 ad
186 818 227 851 eos,
243 817 253 844 3
262 803 354 856 vigesima
364 802 449 844 secunda
459 803 527 843 Thisbi
542 803 566 843 ad
580 804 661 855 primam
672 803 763 848 Sehebet,

34 873 108 912 scilieet
129 873 230 923 nonaginta
251 876 271 910 et
285 873 369 922 quinque
384 871 425 910 dies
440 870 536 910 fluxerunt
557 870 580 910 ab
600 883 630 916 eo,
646 882 683 921 quo
699 869 764 910 decies

32 942 85 981 illum
100 940 124 981 de
138 940 216 981 instanti
229 941 267 979 lato
282 942 388 985 monuerat
403 939 461 989 igitur
475 939 498 978 in
517 949 565 979 una
579 937 676 978 mensis
692 936 765 977 Sche-

33 1010 74 1049 bet
95 1009 214 1059 septuaginta
235 1007 305 1060 linguis
318 1007 388 1062 legem
407 1007 542 1058 interpretatus
558 1010 597 1053 est,
618 1021 674 1058 :pipp
688 1018 731 1057 app
745 1007 766 1045 et

33 1077 69 1115 alio
83 1077 128 1115 loeo
144 1092 193 1127 ,epam
206 1082 249 1135 *psa
263 1090 327 1128 wrm.
346 1074 401 1115 Unde
411 1087 457 1115 vero
468 1074 492 1114 de
501 1087 570 1116 mense
579 1074 664 1115 Schebet
675 1074 765 1115 constat?

33 1154 55 1183 ex
70 1144 113 1183 illu:
127 1144 156 1184 Et
173 1144 222 1183 luit
235 1144 259 1182 in
274 1147 309 1181 40,
326 1142 398 1180 unitis
409 1141 443 1179 XI.
457 1153 544 1180 mense
564 1143 589 1181 in
602 1152 650 1181 una
663 1142 764 1181 mensis

33 1212 157 1258 sinebat,
180 1212 266 1258 scilieet,
288 1221 351 1262 usque
372 1210 396 1250 ad
418 1211 521 1261 septimam
541 1209 592 1250 Adur
612 1209 702 1276 triplginta
723 1207 764 1249 dies
802 1216 804 1223 ’

32 1279 115 1324 fluxere,
136 1279 204 1329 quibus
224 1279 295 1329 populo
315 1279 379 1330 legem
399 1278 514 1329 explanavit,
536 1280 617 1329 septima
636 1278 713 1318 demum
726 1278 765 1318 fato

34 1345 143 1392 defunctus,
158 1346 200 1398 ipse
216 1357 226 1384 a
240 1344 278 1384 lilia
291 1345 346 1385 vocis
361 1345 445 1384 monitus
460 1346 527 1384 mortis
538 1346 588 1385 diem
602 1346 681 1384 sciebat.
692 1345 764 1385 Chalbo

34 1414 58 1453 ait
72 1425 122 1461 omn
138 1425 175 1466 quo
189 1414 219 1452 die
233 1414 332 1452 hominem
347 1414 403 1458 exuit,
417 1412 514 1452 tredecim
523 1413 577 1464 'legis
593 1412 709 1464 exemplaria
722 1424 766 1463 pro·
794 1412 796 1415 ⁴

33 1483 73 1531 pria
87 1492 145 1521 manu
160 1482 294 1533 descripsisse,
311 1492 360 1532 quae
375 1480 450 1531 singulo
464 1493 499 1530 pro
515 1480 608 1520 Trihuum
622 1493 702 1522 numeru
718 1481 766 1522 dixi-

34 1544 89 1596 serit,
113 1549 290 1589 emendatissimum
311 1561 357 1590 xero
377 1548 440 1588 media
457 1548 498 1599 J'am
517 1548 548 1589 die
566 1550 587 1589 in
602 1562 646 1591 area
660 1550 765 1592 collocarit.

36 1616 84 1654 Tum
99 1620 118 1656 et
131 1618 183 1657 viros
200 1620 219 1655 et
232 1617 312 1655 feminas
328 1615 352 1654 de
366 1617 415 1666 legis
431 1615 522 1669 dignitate
541 1628 564 1655 ae
579 1618 667 1658 custodia
681 1621 765 1659 monitos

35 1696 79 1723 esse
91 1683 154 1734 jussit,
170 1696 218 1736 quae
229 1683 293 1723 omnia
304 1681 415 1724 observabis
425 1683 463 1723 hoe
474 1683 528 1723 loco:
543 1684 661 1736 accipere
675 1687 766 1727 librum

35 1750 156 1799 foederis,
172 1756 210 1793 etc.
243 1752 281 1791 Alii
295 1756 402 1790 memorant
417 1751 472 1790 ooelo
488 1750 588 1803 delapsum
603 1754 713 1793 Gabrielem
727 1756 766 1794 dn·

36 1822 100 1873 gelum
114 1825 213 1872 acceptam
228 1832 238 1860 a
252 1820 308 1861 llllose
322 1821 386 1871 legem
405 1819 447 1870 ejus
465 1820 485 1860 in
503 1821 597 1862 honorem
612 1822 687 1874 superis
703 1825 767 1861 osten·
810 1840 812 1844 ⁴

36 1888 252 1939 dissentientium:
271 1886 399 1937 justitiam
419 1888 516 1926 Domini
535 1889 604 1934 fecit,
628 1895 652 1930 et
670 1890 766 1938 judicia

36 1957 90 2009 ejus
112 1970 165 1998 oum
183 1955 271 1998 lsrael.
300 1956 340 1997 Nec
360 1966 394 1996 eos
412 1956 461 1996 111113
478 1957 548 1997 limites
566 1958 618 1997 illius
633 1958 694 2011 gloria
708 1956 766 2002 stetit,

35 2038 79 2067 narn
93 2026 190 2077 jrtstorum
205 2026 277 2065 animas
293 2024 378 2064 secundo
392 2036 414 2063 ao
430 2025 494 2075 quinta
509 2026 540 2066 die
555 2027 648 2078 testisque
662 2028 728 2078 legere
743 2037 766 2065 ac

35 2094 62 2133 illi
83 2107 161 2145 operam
182 2094 227 2133 liare
247 2092 378 2144 prodiderunt.
407 2094 465 2133 Addit
478 2095 565 2141 leschin,
586 2095 656 2135 lilosen
674 2097 710 2136 hac
725 2096 767 2147 ipsa

36 2162 82 2201 hora
102 2162 205 2201 maximum
216 2162 287 2200 Josuae
301 2162 396 2201 honorem
416 2162 525 2202 exhibuisse
540 2175 605 2204 eoram
619 2163 689 2209 lsrael,
711 2163 766 2215 eujus

36 2242 69 2280 per
84 2234 146 2270 castra
160 2241 278 2282 praeconem
293 2230 401 2270 discurrere
413 2230 472 2281 jussit
486 2243 554 2270 omnes
569 2235 731 2278 convocaturum,
746 2236 768 2273 ut

36 2300 80 2338 novi
90 2299 198 2350 Prophetae
208 2298 267 2339 rerba
276 2298 411 2351 intelligerent.
425 2300 469 2350 lpse
480 2311 557 2339 aureum
567 2300 644 2347 solium,
658 2300 767 2341 distinctam

36 2365 141 2417 margaritis
156 2377 254 2411 coronam,
269 2367 343 2419 regium
357 2367 434 2417 pileum,
449 2379 471 2404 ao
486 2379 600 2417 purpuream
610 2372 685 2407 vestem
697 2367 767 2408 adferri

36 2434 163 2475 insudaverat.
193 2433 295 2472 Subselliis
310 2433 386 2472 interim
400 2433 494 2480 iudicum,
509 2434 619 2487 Principum
635 2447 658 2475 ao
673 2436 767 2477 Sacerdo-

36 2505 76 2542 tnm
96 2503 206 2555 dispositis,
232 2500 310 2542 tandem
334 2502 355 2541 in
380 2501 430 2542 solio
457 2502 574 2545 collocatum
594 2504 684 2551 desuem,
712 2506 767 2558 regio

38 2573 108 2619 amictu
121 2572 219 2616 indutum,
239 2571 260 2610 in
275 2575 380 2622 conspectu
394 2571 460 2623 populi
476 2574 580 2621 coronavit,
596 2573 709 2625 sedentique
723 2585 768 2626 pro·

38 2639 110 2680 ximum
125 2639 182 2680 Galeb
197 2638 302 2678 lechoniae
317 2639 377 2678 filiurn
391 2641 465 2686 statuit,
482 2642 513 2691 qui
528 2644 619 2693 populum
634 2642 768 2694 alloqueretur.

37 2707 95 2750 Josue
111 2713 173 2750 autem
187 2708 320 2761 praesentibus
336 2708 423 2749 omnihus
437 2709 485 2751 haec
500 2709 555 2751 dixit:

92 2778 221 2819 Astrileri
236 2778 365 2819 coelorum
380 2778 464 2826 orbes,
478 2779 591 2831 palantia
605 2778 692 2820 mundo
729 2789 731 2792 ·
763 2818 766 2821 ,

93 2847 195 2892 sidera,
217 2847 747 2901 6113136333(133636316331161611113,
