<?xml version="1.0" encoding="UTF-8"?>
<!DOCTYPE html PUBLIC "-//W3C//DTD XHTML 1.0 Transitional//EN"
    "http://www.w3.org/TR/xhtml1/DTD/xhtml1-transitional.dtd">
<html xmlns="http://www.w3.org/1999/xhtml" xml:lang="en" lang="en">
 <head>
  <title>
</title>
<meta http-equiv="Content-Type" content="text/html;charset=utf-8" />
  <meta name='ocr-system' content='tesseract 3.04.00' />
  <meta name='ocr-capabilities' content='ocr_page ocr_carea ocr_par ocr_line ocrx_word'/>
</head>
<body>
  <div class='ocr_page' id='page_1' title='image "./MN41907ucmf_4_0088.png"; bbox 0 0 1775 3171; ppageno 0'>
   <div class='ocr_carea' id='block_1_1' title="bbox 106 872 810 934">
    <p class='ocr_par' dir='ltr' id='par_1_1' title="bbox 106 872 810 934">
     <span class='ocr_line' id='line_1_1' title="bbox 106 872 810 934; baseline -0.001 -7"><span class='ocrx_word' id='word_1_1' title='bbox 106 875 207 927; x_wconf 81' lang='lat' dir='ltr'>VISIO</span> <span class='ocrx_word' id='word_1_2' title='bbox 225 874 420 928; x_wconf 78' lang='lat' dir='ltr'>talnasslnls</span> <span class='ocrx_word' id='word_1_3' title='bbox 438 872 563 928; x_wconf 72' lang='lat' dir='ltr'>istrata</span> <span class='ocrx_word' id='word_1_4' title='bbox 581 874 810 934; x_wconf 74' lang='lat' dir='ltr'>Pnopnnvuu</span> 
     </span>
    </p>
   </div>
   <div class='ocr_carea' id='block_1_2' title="bbox 339 985 577 1031">
    <p class='ocr_par' dir='ltr' id='par_1_2' title="bbox 339 985 577 1031">
     <span class='ocr_line' id='line_1_2' title="bbox 339 985 577 1031; baseline 0.004 -8"><span class='ocrx_word' id='word_1_5' title='bbox 339 985 364 1023; x_wconf 85' lang='grc' dir='ltr'>ΙΝ</span> <span class='ocrx_word' id='word_1_6' title='bbox 378 985 461 1024; x_wconf 83' lang='lat' dir='ltr'><strong>RAPTU</strong></span> <span class='ocrx_word' id='word_1_7' title='bbox 474 986 577 1031; x_wconf 73' lang='lat' dir='ltr'>mauvis,</span> 
     </span>
    </p>
   </div>
   <div class='ocr_carea' id='block_1_3' title="bbox 95 1081 824 1180">
    <p class='ocr_par' dir='ltr' id='par_1_3' title="bbox 95 1081 824 1180">
     <span class='ocr_line' id='line_1_3' title="bbox 95 1081 824 1122; baseline -0.005 -3"><span class='ocrx_word' id='word_1_8' title='bbox 95 1085 152 1122; x_wconf 78' lang='lat' dir='ltr'><strong>QUAE</strong></span> <span class='ocrx_word' id='word_1_9' title='bbox 168 1085 255 1118; x_wconf 79' lang='lat' dir='ltr'>DIVINAE</span> <span class='ocrx_word' id='word_1_10' title='bbox 274 1084 391 1117; x_wconf 79' lang='lat' dir='ltr'>tatulTuTts</span> <span class='ocrx_word' id='word_1_11' title='bbox 408 1082 496 1117; x_wconf 77' lang='lat' dir='ltr'><strong>ARCANA</strong></span> <span class='ocrx_word' id='word_1_12' title='bbox 513 1084 540 1117; x_wconf 81' lang='grc' dir='ltr'>ΕΤ</span> <span class='ocrx_word' id='word_1_13' title='bbox 558 1083 617 1118; x_wconf 79' lang='lat' dir='ltr'>LrlPSl</span> <span class='ocrx_word' id='word_1_14' title='bbox 634 1082 725 1117; x_wconf 80' lang='lat' dir='ltr'>GENERIS</span> <span class='ocrx_word' id='word_1_15' title='bbox 741 1081 824 1121; x_wconf 79' lang='lat' dir='ltr'>llUllhll&#39;l</span> 
     </span>
     <span class='ocr_line' id='line_1_4' title="bbox 310 1146 614 1180; baseline 0.003 -3"><span class='ocrx_word' id='word_1_16' title='bbox 310 1146 476 1179; x_wconf 76' lang='lat' dir='ltr'>anonttrttorvntt</span> <span class='ocrx_word' id='word_1_17' title='bbox 489 1147 597 1180; x_wconf 81' lang='lat' dir='ltr'>CONTINET.</span> <span class='ocrx_word' id='word_1_18' title='bbox 609 1148 614 1167; x_wconf 89' lang='lat'><strong>¹</strong></span> 
     </span>
    </p>
   </div>
   <div class='ocr_carea' id='block_1_4' title="bbox 93 1261 852 1602">
    <p class='ocr_par' dir='ltr' id='par_1_4' title="bbox 93 1261 852 1602">
     <span class='ocr_line' id='line_1_5' title="bbox 94 1261 823 1334; baseline 0.001 -13"><span class='ocrx_word' id='word_1_19' title='bbox 94 1261 166 1329; x_wconf 71' lang='lat' dir='ltr'>Visio,</span> <span class='ocrx_word' id='word_1_20' title='bbox 183 1296 238 1334; x_wconf 72' lang='lat' dir='ltr'>optram</span> <span class='ocrx_word' id='word_1_21' title='bbox 253 1284 299 1323; x_wconf 85' lang='lat' dir='ltr'>vidit</span> <span class='ocrx_word' id='word_1_22' title='bbox 308 1284 366 1322; x_wconf 86' lang='lat' dir='ltr'>isaias</span> <span class='ocrx_word' id='word_1_23' title='bbox 381 1284 479 1333; x_wconf 87' lang='lat' dir='ltr'>propheta,</span> <span class='ocrx_word' id='word_1_24' title='bbox 494 1284 544 1322; x_wconf 89' lang='lat' dir='ltr'>filius</span> <span class='ocrx_word' id='word_1_25' title='bbox 553 1286 613 1323; x_wconf 81' lang='lat' dir='ltr'>Amos</span> <span class='ocrx_word' id='word_1_26' title='bbox 624 1291 673 1322; x_wconf 86' lang='lat' dir='ltr'>anno</span> <span class='ocrx_word' id='word_1_27' title='bbox 683 1282 721 1321; x_wconf 85' lang='lat' dir='ltr'>XX.</span> <span class='ocrx_word' id='word_1_28' title='bbox 732 1288 823 1333; x_wconf 84' lang='lat' dir='ltr'>regnante</span> 
     </span>
     <span class='ocr_line' id='line_1_6' title="bbox 94 1347 822 1401; baseline -0.003 -13"><span class='ocrx_word' id='word_1_29' title='bbox 94 1347 176 1389; x_wconf 79' lang='lat' dir='ltr'>Erechia</span> <span class='ocrx_word' id='word_1_30' title='bbox 190 1363 235 1401; x_wconf 80' lang='lat' dir='ltr'>rege</span> <span class='ocrx_word' id='word_1_31' title='bbox 249 1351 314 1389; x_wconf 76' lang='lat' dir='ltr'>tudae.</span> <span class='ocrx_word' id='word_1_32' title='bbox 343 1351 400 1401; x_wconf 84' lang='lat' dir='ltr'>Venit</span> <span class='ocrx_word' id='word_1_33' title='bbox 413 1351 472 1389; x_wconf 90' lang='lat' dir='ltr'>Isaias</span> <span class='ocrx_word' id='word_1_34' title='bbox 487 1351 584 1399; x_wconf 81' lang='lat' dir='ltr'>propheta,</span> <span class='ocrx_word' id='word_1_35' title='bbox 600 1350 650 1388; x_wconf 87' lang='lat' dir='ltr'>tilius</span> <span class='ocrx_word' id='word_1_36' title='bbox 660 1351 726 1393; x_wconf 86' lang='lat' dir='ltr'>Amos,</span> <span class='ocrx_word' id='word_1_37' title='bbox 742 1348 765 1387; x_wconf 87' lang='lat' dir='ltr'>ad</span> <span class='ocrx_word' id='word_1_38' title='bbox 774 1349 822 1387; x_wconf 80' lang='lat' dir='ltr'>Eze-</span> 
     </span>
     <span class='ocr_line' id='line_1_7' title="bbox 94 1416 821 1468; baseline -0.003 -13"><span class='ocrx_word' id='word_1_39' title='bbox 94 1417 155 1455; x_wconf 90' lang='lat' dir='ltr'>chiam</span> <span class='ocrx_word' id='word_1_40' title='bbox 164 1417 184 1455; x_wconf 93' lang='lat' dir='ltr'>in</span> <span class='ocrx_word' id='word_1_41' title='bbox 193 1417 319 1463; x_wconf 76' lang='lat' dir='ltr'>Hierusalem,</span> <span class='ocrx_word' id='word_1_42' title='bbox 335 1421 354 1455; x_wconf 90' lang='lat' dir='ltr'>et</span> <span class='ocrx_word' id='word_1_43' title='bbox 367 1417 440 1456; x_wconf 89' lang='lat' dir='ltr'>intrans</span> <span class='ocrx_word' id='word_1_44' title='bbox 455 1416 505 1455; x_wconf 89' lang='lat' dir='ltr'>sedit</span> <span class='ocrx_word' id='word_1_45' title='bbox 519 1428 575 1468; x_wconf 86' lang='lat' dir='ltr'>supra</span> <span class='ocrx_word' id='word_1_46' title='bbox 589 1418 660 1456; x_wconf 88' lang='lat' dir='ltr'>lectum</span> <span class='ocrx_word' id='word_1_47' title='bbox 674 1416 731 1468; x_wconf 82' lang='lat' dir='ltr'>regis,</span> <span class='ocrx_word' id='word_1_48' title='bbox 747 1419 766 1454; x_wconf 93' lang='lat' dir='ltr'>et</span> <span class='ocrx_word' id='word_1_49' title='bbox 781 1426 821 1453; x_wconf 89' lang='lat' dir='ltr'>om·</span> 
     </span>
     <span class='ocr_line' id='line_1_8' title="bbox 93 1482 822 1534; baseline 0 -13"><span class='ocrx_word' id='word_1_50' title='bbox 93 1496 127 1522; x_wconf 93' lang='lat' dir='ltr'>nes</span> <span class='ocrx_word' id='word_1_51' title='bbox 141 1484 239 1533; x_wconf 79' lang='lat' dir='ltr'>principes</span> <span class='ocrx_word' id='word_1_52' title='bbox 253 1483 322 1528; x_wconf 79' lang='lat' dir='ltr'>israel,</span> <span class='ocrx_word' id='word_1_53' title='bbox 343 1487 362 1521; x_wconf 91' lang='lat' dir='ltr'>et</span> <span class='ocrx_word' id='word_1_54' title='bbox 376 1482 480 1521; x_wconf 89' lang='lat' dir='ltr'>consiliarii</span> <span class='ocrx_word' id='word_1_55' title='bbox 494 1484 546 1534; x_wconf 81' lang='lat' dir='ltr'>regis</span> <span class='ocrx_word' id='word_1_56' title='bbox 561 1487 581 1523; x_wconf 90' lang='lat' dir='ltr'>et</span> <span class='ocrx_word' id='word_1_57' title='bbox 595 1484 677 1523; x_wconf 90' lang='lat' dir='ltr'>eunuchi</span> <span class='ocrx_word' id='word_1_58' title='bbox 691 1484 765 1523; x_wconf 84' lang='lat' dir='ltr'>stabant</span> <span class='ocrx_word' id='word_1_59' title='bbox 779 1487 822 1522; x_wconf 88' lang='lat' dir='ltr'>ante</span> 
     </span>
     <span class='ocr_line' id='line_1_9' title="bbox 93 1548 852 1602; baseline 0 -13"><span class='ocrx_word' id='word_1_60' title='bbox 93 1550 152 1589; x_wconf 90' lang='lat' dir='ltr'>illurn.</span> <span class='ocrx_word' id='word_1_61' title='bbox 180 1550 315 1600; x_wconf 86' lang='lat' dir='ltr'>Veneruntque</span> <span class='ocrx_word' id='word_1_62' title='bbox 329 1561 352 1588; x_wconf 85' lang='lat' dir='ltr'>ex</span> <span class='ocrx_word' id='word_1_63' title='bbox 367 1548 455 1588; x_wconf 89' lang='lat' dir='ltr'>omnibus</span> <span class='ocrx_word' id='word_1_64' title='bbox 474 1549 523 1589; x_wconf 89' lang='lat' dir='ltr'>villis</span> <span class='ocrx_word' id='word_1_65' title='bbox 539 1553 558 1590; x_wconf 90' lang='lat' dir='ltr'>et</span> <span class='ocrx_word' id='word_1_66' title='bbox 568 1551 621 1602; x_wconf 53' lang='lat' dir='ltr'>’agris</span> <span class='ocrx_word' id='word_1_67' title='bbox 637 1555 656 1590; x_wconf 91' lang='lat' dir='ltr'>et</span> <span class='ocrx_word' id='word_1_68' title='bbox 669 1550 770 1590; x_wconf 64' lang='lat' dir='ltr'>montibus&gt;</span> <span class='ocrx_word' id='word_1_69' title='bbox 779 1562 823 1601; x_wconf 84' lang='lat' dir='ltr'>pro·</span> <span class='ocrx_word' id='word_1_70' title='bbox 850 1570 852 1572; x_wconf 97' lang='lat'>·</span> 
     </span>
    </p>
   </div>
   <div class='ocr_carea' id='block_1_5' title="bbox 92 1615 851 2075">
    <p class='ocr_par' dir='ltr' id='par_1_5' title="bbox 92 1615 851 2075">
     <span class='ocr_line' id='line_1_10' title="bbox 93 1615 822 1669; baseline 0.001 -13"><span class='ocrx_word' id='word_1_71' title='bbox 93 1619 171 1668; x_wconf 85' lang='lat' dir='ltr'>phetae,</span> <span class='ocrx_word' id='word_1_72' title='bbox 193 1622 212 1657; x_wconf 92' lang='lat' dir='ltr'>et</span> <span class='ocrx_word' id='word_1_73' title='bbox 232 1618 265 1656; x_wconf 87' lang='lat' dir='ltr'>filii</span> <span class='ocrx_word' id='word_1_74' title='bbox 283 1617 418 1668; x_wconf 88' lang='lat' dir='ltr'>prophetarum</span> <span class='ocrx_word' id='word_1_75' title='bbox 433 1618 541 1662; x_wconf 72' lang='lat' dir='ltr'>audientes,</span> <span class='ocrx_word' id='word_1_76' title='bbox 560 1619 622 1669; x_wconf 76' lang='lat' dir='ltr'>,quod</span> <span class='ocrx_word' id='word_1_77' title='bbox 643 1615 701 1658; x_wconf 84' lang='lat' dir='ltr'>isaias</span> <span class='ocrx_word' id='word_1_78' title='bbox 716 1623 794 1659; x_wconf 86' lang='lat' dir='ltr'>venerat</span> <span class='ocrx_word' id='word_1_79' title='bbox 812 1631 822 1657; x_wconf 90' lang='lat' dir='ltr'>a</span> 
     </span>
     <span class='ocr_line' id='line_1_11' title="bbox 95 1686 823 1736; baseline 0.001 -13"><span class='ocrx_word' id='word_1_80' title='bbox 95 1686 185 1736; x_wconf 74' lang='lat' dir='ltr'>Salgatha</span> <span class='ocrx_word' id='word_1_81' title='bbox 197 1687 220 1723; x_wconf 88' lang='lat' dir='ltr'>ad</span> <span class='ocrx_word' id='word_1_82' title='bbox 229 1686 337 1729; x_wconf 75' lang='lat' dir='ltr'>Ezechiam,</span> <span class='ocrx_word' id='word_1_83' title='bbox 353 1686 434 1723; x_wconf 88' lang='lat' dir='ltr'>salutare</span> <span class='ocrx_word' id='word_1_84' title='bbox 450 1698 499 1730; x_wconf 88' lang='lat' dir='ltr'>eum,</span> <span class='ocrx_word' id='word_1_85' title='bbox 516 1691 535 1724; x_wconf 90' lang='lat' dir='ltr'>et</span> <span class='ocrx_word' id='word_1_86' title='bbox 550 1688 665 1725; x_wconf 83' lang='lat' dir='ltr'>anrrunciare</span> <span class='ocrx_word' id='word_1_87' title='bbox 680 1689 704 1732; x_wconf 86' lang='lat' dir='ltr'>ei,</span> <span class='ocrx_word' id='word_1_88' title='bbox 720 1699 769 1736; x_wconf 92' lang='lat' dir='ltr'>quae</span> <span class='ocrx_word' id='word_1_89' title='bbox 778 1700 823 1727; x_wconf 86' lang='lat' dir='ltr'>ven-</span> 
     </span>
     <span class='ocr_line' id='line_1_12' title="bbox 92 1738 823 1804; baseline 0.003 -14"><span class='ocrx_word' id='word_1_90' title='bbox 92 1757 133 1790; x_wconf 89' lang='lat' dir='ltr'>tura</span> <span class='ocrx_word' id='word_1_91' title='bbox 153 1755 213 1791; x_wconf 77' lang='lat' dir='ltr'>errarat</span> <span class='ocrx_word' id='word_1_92' title='bbox 244 1751 297 1789; x_wconf 89' lang='lat' dir='ltr'>Tunc</span> <span class='ocrx_word' id='word_1_93' title='bbox 318 1738 432 1801; x_wconf 84' lang='lat' dir='ltr'>loquebatur·</span> <span class='ocrx_word' id='word_1_94' title='bbox 450 1751 507 1790; x_wconf 86' lang='lat' dir='ltr'>verba</span> <span class='ocrx_word' id='word_1_95' title='bbox 528 1753 617 1791; x_wconf 87' lang='lat' dir='ltr'>veritatis.</span> <span class='ocrx_word' id='word_1_96' title='bbox 647 1753 727 1804; x_wconf 78' lang='lat' dir='ltr'>Spiritus</span> <span class='ocrx_word' id='word_1_97' title='bbox 746 1758 823 1793; x_wconf 89' lang='lat' dir='ltr'>sanctus</span> 
     </span>
     <span class='ocr_line' id='line_1_13' title="bbox 94 1818 823 1870; baseline 0 -12"><span class='ocrx_word' id='word_1_98' title='bbox 94 1819 203 1870; x_wconf 90' lang='lat' dir='ltr'>supervenit</span> <span class='ocrx_word' id='word_1_99' title='bbox 216 1819 236 1858; x_wconf 93' lang='lat' dir='ltr'>in</span> <span class='ocrx_word' id='word_1_100' title='bbox 250 1829 304 1863; x_wconf 80' lang='lat' dir='ltr'>euni,</span> <span class='ocrx_word' id='word_1_101' title='bbox 324 1823 343 1858; x_wconf 89' lang='lat' dir='ltr'>et</span> <span class='ocrx_word' id='word_1_102' title='bbox 358 1830 425 1857; x_wconf 90' lang='lat' dir='ltr'>omnes</span> <span class='ocrx_word' id='word_1_103' title='bbox 440 1818 530 1859; x_wconf 88' lang='lat' dir='ltr'>videhant</span> <span class='ocrx_word' id='word_1_104' title='bbox 544 1822 563 1857; x_wconf 92' lang='lat' dir='ltr'>et</span> <span class='ocrx_word' id='word_1_105' title='bbox 577 1819 677 1859; x_wconf 74' lang='lat' dir='ltr'>audiebant</span> <span class='ocrx_word' id='word_1_106' title='bbox 691 1820 748 1860; x_wconf 88' lang='lat' dir='ltr'>verba</span> <span class='ocrx_word' id='word_1_107' title='bbox 763 1820 823 1859; x_wconf 87' lang='lat' dir='ltr'>sancti</span> 
     </span>
     <span class='ocr_line' id='line_1_14' title="bbox 93 1885 822 1936; baseline -0.001 -11"><span class='ocrx_word' id='word_1_108' title='bbox 93 1888 175 1936; x_wconf 86' lang='lat' dir='ltr'>spiritus</span> <span class='ocrx_word' id='word_1_109' title='bbox 205 1885 322 1925; x_wconf 72' lang='lat' dir='ltr'>Convocavit</span> <span class='ocrx_word' id='word_1_110' title='bbox 332 1897 376 1923; x_wconf 90' lang='lat' dir='ltr'>eum</span> <span class='ocrx_word' id='word_1_111' title='bbox 391 1897 423 1924; x_wconf 85' lang='lat' dir='ltr'>rex</span> <span class='ocrx_word' id='word_1_112' title='bbox 438 1890 456 1923; x_wconf 90' lang='lat' dir='ltr'>et</span> <span class='ocrx_word' id='word_1_113' title='bbox 469 1886 579 1935; x_wconf 86' lang='lat' dir='ltr'>prophetas,</span> <span class='ocrx_word' id='word_1_114' title='bbox 595 1890 614 1924; x_wconf 88' lang='lat' dir='ltr'>et</span> <span class='ocrx_word' id='word_1_115' title='bbox 627 1897 693 1925; x_wconf 88' lang='lat' dir='ltr'>omnes</span> <span class='ocrx_word' id='word_1_116' title='bbox 703 1885 822 1930; x_wconf 86' lang='lat' dir='ltr'>introierunt,</span> 
     </span>
     <span class='ocr_line' id='line_1_15' title="bbox 93 1952 825 2003; baseline -0.003 -11"><span class='ocrx_word' id='word_1_117' title='bbox 93 1958 187 2003; x_wconf 82' lang='lat' dir='ltr'>quotquot</span> <span class='ocrx_word' id='word_1_118' title='bbox 209 1954 280 1994; x_wconf 91' lang='lat' dir='ltr'>inventi</span> <span class='ocrx_word' id='word_1_119' title='bbox 301 1958 344 1991; x_wconf 88' lang='lat' dir='ltr'>sunt</span> <span class='ocrx_word' id='word_1_120' title='bbox 365 1952 391 1990; x_wconf 89' lang='lat' dir='ltr'>ihi</span> <span class='ocrx_word' id='word_1_121' title='bbox 419 1953 501 1990; x_wconf 82' lang='lat' dir='ltr'>insimul</span> <span class='ocrx_word' id='word_1_122' title='bbox 542 1954 600 1992; x_wconf 88' lang='lat' dir='ltr'>Erant</span> <span class='ocrx_word' id='word_1_123' title='bbox 617 1958 681 1991; x_wconf 90' lang='lat' dir='ltr'>autem</span> <span class='ocrx_word' id='word_1_124' title='bbox 699 1953 784 1992; x_wconf 86' lang='lat' dir='ltr'>Micheas</span> <span class='ocrx_word' id='word_1_125' title='bbox 805 1958 825 1990; x_wconf 90' lang='lat' dir='ltr'>et</span> 
     </span>
     <span class='ocr_line' id='line_1_16' title="bbox 93 2019 851 2075; baseline -0.005 -15"><span class='ocrx_word' id='word_1_126' title='bbox 93 2020 175 2075; x_wconf 72' lang='lat' dir='ltr'>,irradias</span> <span class='ocrx_word' id='word_1_127' title='bbox 190 2034 257 2065; x_wconf 88' lang='lat' dir='ltr'>senes,</span> <span class='ocrx_word' id='word_1_128' title='bbox 276 2019 330 2065; x_wconf 79' lang='lat' dir='ltr'>teet,</span> <span class='ocrx_word' id='word_1_129' title='bbox 351 2026 370 2058; x_wconf 85' lang='lat' dir='ltr'>et</span> <span class='ocrx_word' id='word_1_130' title='bbox 385 2024 477 2070; x_wconf 83' lang='lat' dir='ltr'>quotquot</span> <span class='ocrx_word' id='word_1_131' title='bbox 492 2032 514 2057; x_wconf 77' lang='lat' dir='ltr'>ex</span> <span class='ocrx_word' id='word_1_132' title='bbox 529 2021 557 2059; x_wconf 87' lang='lat' dir='ltr'>eis</span> <span class='ocrx_word' id='word_1_133' title='bbox 572 2021 643 2059; x_wconf 87' lang='lat' dir='ltr'>inventi</span> <span class='ocrx_word' id='word_1_134' title='bbox 658 2025 707 2063; x_wconf 77' lang='lat' dir='ltr'>sarrit,</span> <span class='ocrx_word' id='word_1_135' title='bbox 728 2019 824 2059; x_wconf 83' lang='lat' dir='ltr'>adertris</span> <span class='ocrx_word' id='word_1_136' title='bbox 847 2039 851 2047; x_wconf 82' lang='lat'>·</span> 
     </span>
    </p>
   </div>
   <div class='ocr_carea' id='block_1_6' title="bbox 94 2174 863 2330">
    <p class='ocr_par' dir='ltr' id='par_1_6' title="bbox 94 2174 863 2330">
     <span class='ocr_line' id='line_1_17' title="bbox 139 2174 824 2218; baseline 0.001 -13"><span class='ocrx_word' id='word_1_137' title='bbox 139 2174 157 2216; x_wconf 79' lang='lat'>1)</span> <span class='ocrx_word' id='word_1_138' title='bbox 170 2174 194 2207; x_wconf 79' lang='lat' dir='ltr'>Ne</span> <span class='ocrx_word' id='word_1_139' title='bbox 207 2177 246 2218; x_wconf 87' lang='lat' dir='ltr'>qnid</span> <span class='ocrx_word' id='word_1_140' title='bbox 258 2178 332 2214; x_wconf 72' lang='lat' dir='ltr'>deesset,</span> <span class='ocrx_word' id='word_1_141' title='bbox 351 2177 395 2217; x_wconf 88' lang='lat' dir='ltr'>quod</span> <span class='ocrx_word' id='word_1_142' title='bbox 408 2176 427 2207; x_wconf 85' lang='lat' dir='ltr'>ad</span> <span class='ocrx_word' id='word_1_143' title='bbox 444 2175 495 2208; x_wconf 81' lang='lat' dir='ltr'>Isaiae</span> <span class='ocrx_word' id='word_1_144' title='bbox 512 2178 624 2209; x_wconf 81' lang='lat' dir='ltr'>ascensionem</span> <span class='ocrx_word' id='word_1_145' title='bbox 642 2175 752 2208; x_wconf 87' lang='lat' dir='ltr'>illustrandam</span> <span class='ocrx_word' id='word_1_146' title='bbox 769 2176 824 2207; x_wconf 82' lang='lat' dir='ltr'>facere</span> 
     </span>
     <span class='ocr_line' id='line_1_18' title="bbox 94 2227 851 2275; baseline -0.003 -11"><span class='ocrx_word' id='word_1_147' title='bbox 94 2237 158 2274; x_wconf 73' lang='lat' dir='ltr'>posset,</span> <span class='ocrx_word' id='word_1_148' title='bbox 172 2237 245 2265; x_wconf 83' lang='lat' dir='ltr'>veterem</span> <span class='ocrx_word' id='word_1_149' title='bbox 257 2232 349 2264; x_wconf 80' lang='lat' dir='ltr'>versionem</span> <span class='ocrx_word' id='word_1_150' title='bbox 361 2231 428 2264; x_wconf 85' lang='lat' dir='ltr'>latinam</span> <span class='ocrx_word' id='word_1_151' title='bbox 440 2232 487 2273; x_wconf 81' lang='lat' dir='ltr'>hujus</span> <span class='ocrx_word' id='word_1_152' title='bbox 495 2227 569 2274; x_wconf 44' lang='lat' dir='ltr'>scriptis</span> <span class='ocrx_word' id='word_1_153' title='bbox 579 2242 621 2275; x_wconf 88' lang='lat' dir='ltr'>quae</span> <span class='ocrx_word' id='word_1_154' title='bbox 634 2241 643 2263; x_wconf 86' lang='lat' dir='ltr'>a</span> <span class='ocrx_word' id='word_1_155' title='bbox 654 2230 699 2263; x_wconf 80' lang='lat' dir='ltr'>Sixto</span> <span class='ocrx_word' id='word_1_156' title='bbox 711 2230 781 2263; x_wconf 83' lang='lat' dir='ltr'>Senensi</span> <span class='ocrx_word' id='word_1_157' title='bbox 793 2239 825 2262; x_wconf 92' lang='lat' dir='ltr'>no·</span> <span class='ocrx_word' id='word_1_158' title='bbox 850 2234 851 2242; x_wconf 67' lang='lat'>¹</span> 
     </span>
     <span class='ocr_line' id='line_1_19' title="bbox 95 2282 863 2330; baseline 0 -11"><span class='ocrx_word' id='word_1_159' title='bbox 95 2293 139 2328; x_wconf 77' lang='lat' dir='ltr'>tata,</span> <span class='ocrx_word' id='word_1_160' title='bbox 159 2289 188 2321; x_wconf 87' lang='lat' dir='ltr'>sed</span> <span class='ocrx_word' id='word_1_161' title='bbox 204 2289 230 2322; x_wconf 73' lang='lat' dir='ltr'>aliu</span> <span class='ocrx_word' id='word_1_162' title='bbox 248 2282 370 2322; x_wconf 76' lang='lat' dir='ltr'>viriseruditis</span> <span class='ocrx_word' id='word_1_163' title='bbox 385 2288 483 2330; x_wconf 72' lang='lat' dir='ltr'>incognita,</span> <span class='ocrx_word' id='word_1_164' title='bbox 501 2287 576 2320; x_wconf 84' lang='lat' dir='ltr'>Venetiis</span> <span class='ocrx_word' id='word_1_165' title='bbox 588 2286 641 2326; x_wconf 76' lang='lat'><strong>1522,</strong></span> <span class='ocrx_word' id='word_1_166' title='bbox 657 2298 693 2320; x_wconf 88' lang='lat' dir='ltr'>oum</span> <span class='ocrx_word' id='word_1_167' title='bbox 705 2288 741 2320; x_wconf 89' lang='lat' dir='ltr'>aliis</span> <span class='ocrx_word' id='word_1_168' title='bbox 753 2297 824 2329; x_wconf 70' lang='lat' dir='ltr'>apoerq-</span> <span class='ocrx_word' id='word_1_169' title='bbox 862 2307 863 2310; x_wconf 65' lang='lat'><em>=</em></span> 
     </span>
    </p>
   </div>
   <div class='ocr_carea' id='block_1_7' title="bbox 93 2397 834 2894">
    <p class='ocr_par' dir='ltr' id='par_1_7' title="bbox 93 2397 834 2894">
     <span class='ocr_line' id='line_1_20' title="bbox 94 2397 834 2444; baseline -0.003 -12"><span class='ocrx_word' id='word_1_170' title='bbox 94 2401 121 2432; x_wconf 83' lang='lat' dir='ltr'>vix</span> <span class='ocrx_word' id='word_1_171' title='bbox 134 2400 187 2444; x_wconf 86' lang='lat' dir='ltr'>aliqua</span> <span class='ocrx_word' id='word_1_172' title='bbox 199 2398 299 2443; x_wconf 78' lang='lat' dir='ltr'>exerrrplaria</span> <span class='ocrx_word' id='word_1_173' title='bbox 310 2399 327 2430; x_wconf 94' lang='lat' dir='ltr'>in</span> <span class='ocrx_word' id='word_1_174' title='bbox 340 2399 410 2431; x_wconf 87' lang='lat' dir='ltr'>diversis</span> <span class='ocrx_word' id='word_1_175' title='bbox 421 2408 452 2440; x_wconf 86' lang='lat' dir='ltr'>per</span> <span class='ocrx_word' id='word_1_176' title='bbox 464 2398 545 2440; x_wconf 85' lang='lat' dir='ltr'>Europam</span> <span class='ocrx_word' id='word_1_177' title='bbox 557 2397 661 2432; x_wconf 86' lang='lat' dir='ltr'>bibliothecis</span> <span class='ocrx_word' id='word_1_178' title='bbox 673 2399 781 2439; x_wconf 83' lang='lat' dir='ltr'>delitescunt3</span> <span class='ocrx_word' id='word_1_179' title='bbox 794 2408 834 2434; x_wconf 78' lang='lat' dir='ltr'>nos</span> 
     </span>
     <span class='ocr_line' id='line_1_21' title="bbox 94 2454 825 2499; baseline 0.001 -12"><span class='ocrx_word' id='word_1_180' title='bbox 94 2457 188 2489; x_wconf 87' lang='lat' dir='ltr'>nronacensi</span> <span class='ocrx_word' id='word_1_181' title='bbox 200 2456 287 2499; x_wconf 83' lang='lat' dir='ltr'>excruplari</span> <span class='ocrx_word' id='word_1_182' title='bbox 299 2457 324 2488; x_wconf 89' lang='lat' dir='ltr'>usi</span> <span class='ocrx_word' id='word_1_183' title='bbox 335 2465 398 2495; x_wconf 83' lang='lat' dir='ltr'>sumus,</span> <span class='ocrx_word' id='word_1_184' title='bbox 417 2454 463 2496; x_wconf 88' lang='lat' dir='ltr'>cujus</span> <span class='ocrx_word' id='word_1_185' title='bbox 475 2455 538 2497; x_wconf 86' lang='lat' dir='ltr'>copiam</span> <span class='ocrx_word' id='word_1_186' title='bbox 550 2454 701 2496; x_wconf 81' lang='lat' dir='ltr'>Liqhteuthalerns⁷</span> <span class='ocrx_word' id='word_1_187' title='bbox 714 2456 825 2488; x_wconf 84' lang='lat' dir='ltr'>bibliothecae</span> 
     </span>
     <span class='ocr_line' id='line_1_22' title="bbox 94 2511 825 2553; baseline 0.003 -11"><span class='ocrx_word' id='word_1_188' title='bbox 94 2511 189 2553; x_wconf 75' lang='lat' dir='ltr'>praedictae</span> <span class='ocrx_word' id='word_1_189' title='bbox 201 2512 293 2553; x_wconf 84' lang='lat' dir='ltr'>praelectus</span> <span class='ocrx_word' id='word_1_190' title='bbox 305 2511 410 2552; x_wconf 77' lang='lat' dir='ltr'>clarissimus7</span> <span class='ocrx_word' id='word_1_191' title='bbox 423 2511 505 2543; x_wconf 87' lang='lat' dir='ltr'>benevole</span> <span class='ocrx_word' id='word_1_192' title='bbox 517 2521 579 2543; x_wconf 85' lang='lat' dir='ltr'>mecum</span> <span class='ocrx_word' id='word_1_193' title='bbox 591 2513 722 2546; x_wconf 84' lang='lat' dir='ltr'>corumunicavit.</span> <span class='ocrx_word' id='word_1_194' title='bbox 743 2513 768 2545; x_wconf 86' lang='lat' dir='ltr'>Ex</span> <span class='ocrx_word' id='word_1_195' title='bbox 780 2522 825 2545; x_wconf 85' lang='lat' dir='ltr'>conr-</span> 
     </span>
     <span class='ocr_line' id='line_1_23' title="bbox 93 2557 826 2613; baseline 0 -13"><span class='ocrx_word' id='word_1_196' title='bbox 93 2569 181 2610; x_wconf 88' lang='lat' dir='ltr'>paratioue</span> <span class='ocrx_word' id='word_1_197' title='bbox 194 2569 277 2611; x_wconf 89' lang='lat' dir='ltr'>utriusque</span> <span class='ocrx_word' id='word_1_198' title='bbox 291 2568 371 2601; x_wconf 82' lang='lat' dir='ltr'>versionis</span> <span class='ocrx_word' id='word_1_199' title='bbox 383 2557 461 2611; x_wconf 76' lang='lat' dir='ltr'>adparet,</span> <span class='ocrx_word' id='word_1_200' title='bbox 475 2568 562 2610; x_wconf 84' lang='lat' dir='ltr'>interpreti</span> <span class='ocrx_word' id='word_1_201' title='bbox 575 2569 669 2612; x_wconf 89' lang='lat' dir='ltr'>aethiopico</span> <span class='ocrx_word' id='word_1_202' title='bbox 680 2568 730 2613; x_wconf 80' lang='lat' dir='ltr'>longe</span> <span class='ocrx_word' id='word_1_203' title='bbox 742 2568 826 2600; x_wconf 81' lang='lat' dir='ltr'>meliorem</span> 
     </span>
     <span class='ocr_line' id='line_1_24' title="bbox 94 2626 826 2670; baseline 0.005 -15"><span class='ocrx_word' id='word_1_204' title='bbox 94 2630 154 2656; x_wconf 81' lang='lat' dir='ltr'>textum</span> <span class='ocrx_word' id='word_1_205' title='bbox 166 2631 231 2665; x_wconf 73' lang='lat' dir='ltr'>praesto</span> <span class='ocrx_word' id='word_1_206' title='bbox 244 2626 305 2664; x_wconf 81' lang='lat' dir='ltr'>fuisse,</span> <span class='ocrx_word' id='word_1_207' title='bbox 324 2637 371 2667; x_wconf 80' lang='lat' dir='ltr'>quma</span> <span class='ocrx_word' id='word_1_208' title='bbox 382 2626 445 2665; x_wconf 75' lang='lat' dir='ltr'>lerino,</span> <span class='ocrx_word' id='word_1_209' title='bbox 466 2627 494 2667; x_wconf 92' lang='lat' dir='ltr'>qni</span> <span class='ocrx_word' id='word_1_210' title='bbox 511 2635 544 2657; x_wconf 86' lang='lat' dir='ltr'>non</span> <span class='ocrx_word' id='word_1_211' title='bbox 556 2631 588 2659; x_wconf 88' lang='lat' dir='ltr'>tarn</span> <span class='ocrx_word' id='word_1_212' title='bbox 599 2628 669 2660; x_wconf 84' lang='lat' dir='ltr'>vertisse</span> <span class='ocrx_word' id='word_1_213' title='bbox 681 2627 739 2660; x_wconf 86' lang='lat' dir='ltr'>librum</span> <span class='ocrx_word' id='word_1_214' title='bbox 752 2628 826 2670; x_wconf 76' lang='lat' dir='ltr'>origina-</span> 
     </span>
     <span class='ocr_line' id='line_1_25' title="bbox 94 2669 827 2726; baseline 0.004 -14"><span class='ocrx_word' id='word_1_215' title='bbox 94 2680 132 2721; x_wconf 84' lang='lat' dir='ltr'>lem,</span> <span class='ocrx_word' id='word_1_216' title='bbox 146 2682 162 2712; x_wconf 88' lang='lat' dir='ltr'>ui</span> <span class='ocrx_word' id='word_1_217' title='bbox 170 2680 230 2722; x_wconf 52' lang='lat' dir='ltr'>&#39;‘lallcr,</span> <span class='ocrx_word' id='word_1_218' title='bbox 243 2692 302 2725; x_wconf 78' lang='lat' dir='ltr'>graeca</span> <span class='ocrx_word' id='word_1_219' title='bbox 314 2682 369 2726; x_wconf 73' lang='lat' dir='ltr'>lingua</span> <span class='ocrx_word' id='word_1_220' title='bbox 385 2683 506 2724; x_wconf 74' lang='lat' dir='ltr'>conscriptum,</span> <span class='ocrx_word' id='word_1_221' title='bbox 520 2691 567 2724; x_wconf 83' lang='lat' dir='ltr'>quani</span> <span class='ocrx_word' id='word_1_222' title='bbox 575 2684 676 2725; x_wconf 82' lang='lat' dir='ltr'>excerpsisse</span> <span class='ocrx_word' id='word_1_223' title='bbox 685 2669 762 2717; x_wconf 65' lang='lat' dir='ltr'>videtum</span> <span class='ocrx_word' id='word_1_224' title='bbox 775 2682 827 2715; x_wconf 85' lang='lat' dir='ltr'>Prae-</span> 
     </span>
     <span class='ocr_line' id='line_1_26' title="bbox 94 2733 826 2784; baseline 0.003 -15"><span class='ocrx_word' id='word_1_225' title='bbox 94 2742 118 2781; x_wconf 83' lang='lat' dir='ltr'>ter</span> <span class='ocrx_word' id='word_1_226' title='bbox 135 2737 175 2771; x_wconf 75' lang='lat' dir='ltr'>diras</span> <span class='ocrx_word' id='word_1_227' title='bbox 193 2738 284 2781; x_wconf 72' lang='lat' dir='ltr'>apocryphi</span> <span class='ocrx_word' id='word_1_228' title='bbox 299 2740 350 2771; x_wconf 88' lang='lat' dir='ltr'>nostri</span> <span class='ocrx_word' id='word_1_229' title='bbox 367 2739 513 2782; x_wconf 85' lang='lat' dir='ltr'>interpretationes</span> <span class='ocrx_word' id='word_1_230' title='bbox 525 2733 616 2781; x_wconf 78' lang='lat' dir='ltr'>fragmenta</span> <span class='ocrx_word' id='word_1_231' title='bbox 631 2740 710 2784; x_wconf 84' lang='lat' dir='ltr'>quaedam</span> <span class='ocrx_word' id='word_1_232' title='bbox 727 2739 764 2771; x_wconf 90' lang='lat' dir='ltr'>lihri</span> <span class='ocrx_word' id='word_1_233' title='bbox 775 2738 826 2771; x_wconf 86' lang='lat' dir='ltr'>latina</span> 
     </span>
     <span class='ocr_line' id='line_1_27' title="bbox 95 2788 827 2838; baseline 0.003 -12"><span class='ocrx_word' id='word_1_234' title='bbox 95 2795 115 2826; x_wconf 86' lang='lat' dir='ltr'>ad</span> <span class='ocrx_word' id='word_1_235' title='bbox 128 2799 288 2837; x_wconf 64' lang='lat' dir='ltr'>nosperveneruna</span> <span class='ocrx_word' id='word_1_236' title='bbox 301 2806 343 2838; x_wconf 75' lang='lat' dir='ltr'>(quae</span> <span class='ocrx_word' id='word_1_237' title='bbox 356 2806 365 2829; x_wconf 87' lang='lat' dir='ltr'>a</span> <span class='ocrx_word' id='word_1_238' title='bbox 377 2795 420 2828; x_wconf 88' lang='lat' dir='ltr'>lllaio</span> <span class='ocrx_word' id='word_1_239' title='bbox 432 2797 450 2828; x_wconf 91' lang='lat' dir='ltr'>in</span> <span class='ocrx_word' id='word_1_240' title='bbox 462 2805 492 2828; x_wconf 87' lang='lat' dir='ltr'>sua</span> <span class='ocrx_word' id='word_1_241' title='bbox 499 2788 639 2827; x_wconf 85' lang='lat' dir='ltr'>monumentorum</span> <span class='ocrx_word' id='word_1_242' title='bbox 648 2800 722 2828; x_wconf 84' lang='lat' dir='ltr'>veterum</span> <span class='ocrx_word' id='word_1_243' title='bbox 730 2795 827 2829; x_wconf 80' lang='lat' dir='ltr'>collectione</span> 
     </span>
     <span class='ocr_line' id='line_1_28' title="bbox 94 2838 819 2894; baseline -0.001 -10"><span class='ocrx_word' id='word_1_244' title='bbox 94 2852 161 2894; x_wconf 88' lang='lat' dir='ltr'>primum</span> <span class='ocrx_word' id='word_1_245' title='bbox 174 2849 236 2892; x_wconf 73' lang='lat' dir='ltr'>qrrrblici</span> <span class='ocrx_word' id='word_1_246' title='bbox 247 2849 288 2891; x_wconf 82' lang='lat' dir='ltr'>juris</span> <span class='ocrx_word' id='word_1_247' title='bbox 301 2850 350 2891; x_wconf 85' lang='lat' dir='ltr'>laeta,</span> <span class='ocrx_word' id='word_1_248' title='bbox 363 2850 403 2883; x_wconf 87' lang='lat' dir='ltr'>calci</span> <span class='ocrx_word' id='word_1_249' title='bbox 416 2855 487 2884; x_wconf 89' lang='lat' dir='ltr'>venetae</span> <span class='ocrx_word' id='word_1_250' title='bbox 500 2851 581 2883; x_wconf 87' lang='lat' dir='ltr'>versionis</span> <span class='ocrx_word' id='word_1_251' title='bbox 593 2849 694 2891; x_wconf 80' lang='lat' dir='ltr'>subjecimus.</span> <span class='ocrx_word' id='word_1_252' title='bbox 707 2850 751 2886; x_wconf 84' lang='lat' dir='ltr'>Edit.</span> <span class='ocrx_word' id='word_1_253' title='bbox 812 2838 819 2843; x_wconf 30' lang='lat'><strong><em>³</em></strong></span> 
     </span>
    </p>
   </div>
   <div class='ocr_carea' id='block_1_8' title="bbox 0 0 896 3171">
    <p class='ocr_par' dir='ltr' id='par_1_8' title="bbox 0 0 896 3171">
     <span class='ocr_line' id='line_1_29' title="bbox 0 0 896 3171; baseline 0 0"><span class='ocrx_word' id='word_1_254' title='bbox 0 0 896 3171; x_wconf 95' lang='lat' dir='ltr'> </span> 
     </span>
    </p>
   </div>
  </div>
 </body>
</html>
