1807 3145
301 171 329 205 lat.
341 170 395 205 odilus
406 180 415 205 a
427 170 474 205 Rich.
486 170 575 204 bostrense.

153 692 364 737 nrssnnrarro
388 680 531 737 erculani
553 693 720 737 oaunnnrn

71 771 92 805 de
99 772 150 806 variis
157 773 194 806 libri
202 773 313 813 versionibus,
326 772 347 804 de
358 770 454 814 apocrypho
465 769 501 813 ejus
511 772 587 815 ingenio,
599 771 621 805 do
629 773 700 806 auctoris
710 772 799 816 religione,

235 834 262 870 et,
280 840 312 873 qua
323 829 422 872 compositus
433 839 470 861 esse
483 824 631 862 videetur‘aelate.

126 921 196 974 Operis
215 920 277 973 nostri
292 919 397 973 apocryphi
409 920 469 960 Ezrae
487 920 553 960 tributi
571 920 647 971 antiqua
666 918 724 959 latina
737 920 800 961 versio

70 1001 107 1030 una
122 994 163 1030 erat
181 993 227 1030 nota
245 999 307 1039 nsque
328 987 352 1028 ad
371 987 456 1029 medium
476 990 578 1041 septimum
596 988 693 1028 decimum
706 987 800 1034 seculum,

70 1068 108 1109 qno
129 1054 205 1097 arabica
224 1053 266 1105 ejus
286 1053 351 1094 versio
379 1055 399 1093 in
416 1053 521 1095 Bodleiana
538 1055 655 1096 bibliotheca
676 1055 751 1095 detecta
770 1059 801 1093 est

69 1136 80 1164 a
94 1114 203 1176 Gregorio¹
218 1122 332 1168 (broniensi,
347 1121 442 1163 ccclesiae
457 1122 575 1163 Christianae
589 1122 690 1164 sacerdote
704 1127 724 1164 et
738 1122 800 1162 orien-

67 1192 133 1231 talium
147 1191 244 1231 literarum
257 1190 309 1230 haud
326 1179 368 1230 sine
383 1190 444 1241 gloria
458 1190 526 1241 perito.
548 1185 610 1238 ‘Quae
619 1189 697 1241 quidem
711 1189 801 1230 cum‘diu

67 1253 132 1308 ignota
143 1257 250 1305 jacuisset,
276 1261 344 1305 postea
364 1257 439 1307 anglice
457 1256 532 1297 reddita
552 1261 583 1297 est
597 1257 619 1297 ab
635 1257 716 1298 Oecleio
732 1258 800 1297 Canta·

66 1323 164 1375 brigiensi,
180 1322 267 1361 arabicae
280 1322 357 1372 hugues
366 1321 485 1368 Professore
501 1335 523 1362 ac
533 1321 603 1362 deinde
615 1317 668 1362 edita
678 1323 800 1362 aWhistone

66 1392 87 1429 in
102 1394 169 1441 quarto
182 1388 280 1429 volumine
294 1387 348 1440 libri,
371 1387 404 1439 qui
421 1385 533 1427 inscribitur
547 1386 654 1437 „primitiva
668 1385 800 1426 christianitas

66 1457 163 1498 rediviva“
178 1466 228 1495 anno
244 1453 344 1497 Meceni.
374 1453 414 1493 Sed
431 1464 495 1508 neque
516 1453 603 1500 arabica,
628 1464 692 1504 neque
710 1453 750 1493 ulla
764 1452 801 1493 alia

67 1526 110 1566 libri
124 1524 188 1565 versio
204 1521 265 1562 adhuc
280 1515 435 1573 typis'expressa
450 1525 485 1561 est.

122 1589 256 1640 Aethiopicam
275 1588 395 1632 versionem,
422 1582 474 1626 nunc
493 1587 576 1638 primum
595 1585 678 1632 editam,
704 1599 800 1640 nusquam

68 1656 132 1697 inveni
146 1654 170 1695 ab
190 1655 230 1694 ullo
246 1654 313 1693 critico
327 1652 358 1694 vel
373 1652 435 1692 obiter
449 1657 543 1693 attactam.
571 1653 661 1693 Attamen
674 1665 756 1694 necesse
769 1660 800 1696 est

66 1727 131 1762 notam
146 1734 190 1761 eam
206 1722 267 1760 fuisso
281 1720 387 1770 Ludolpho‚
403 1722 472 1770 qnippe
484 1721 517 1771 qui
529 1721 549 1759 in
563 1720 625 1760 lexico
640 1732 676 1760 sue
691 1723 799 1774 aethiopico

67 1782 195 1842 interpretans
209 1799 280 1829 vocem
294 1784 390 1838 quondam
404 1786 491 1827 adhunc
506 1786 576 1827 librum
589 1792 681 1829 recurrat
697 1782 730 1830 'ln
742 1789 800 1831 variis

67 1859 134 1900 autem,
145 1855 320 1901 dissertationibus,
346 1866 394 1906 quae
409 1855 490 1897 divorsis
504 1853 624 1907 temporibus
639 1854 662 1896 de
676 1854 736 1897 Ezrae
750 1856 799 1897 libro

68 1911 136 1974 quarto
151 1923 235 1977 scriptae
256 1925 312 1969 sunt,
336 1921 387 1961 nulla
407 1925 468 1962 exstat
480 1922 599 1972 aethiopicae
612 1923 707 1962 versionis
720 1923 799 1969 mentio,

66 1989 131 2029 forsan
149 1990 193 2040 qnia
210 1988 299 2040 linquae,
326 1998 363 2038 qua
382 1988 454 2039 scripta
468 1991 508 2034 est,
533 1988 617 2040 imperiti
635 1989 697 2028 inisse
710 1989 800 2030 videntur
849 1985 850 1989 ’

67 2061 135 2111 (aarum>
146 2060 241 2096 aratores.

122 2122 166 2171 Quo
186 2126 250 2162 autem
271 2132 360 2161 sermone
378 2120 462 2172 primum
480 2120 563 2173 scriptus
582 2121 640 2162 tuerit
661 2122 723 2170 liber,
746 2127 800 2164 tanto

66 2191 192 2243 interjacente
210 2190 302 2242 temporis
322 2188 435 2234 intervallo,
462 2199 502 2228 non
524 2188 605 2241 amplius
631 2187 710 2232 decerni
728 2194 800 2243 potest,

73 2305 218 2313 ww.

113 2372 131 2411 1]
149 2373 220 2414 „Doctus
238 2373 328 2415 Gregorius
347 2372 408 2414 primus
429 2372 500 2404 orrrnium
521 2371 583 2415 reperit
599 2372 681 2406 arabicam
697 2374 800 2416 versionem3

68 2423 108 2458 alias
120 2427 184 2460 occulta
202 2432 219 2460 ct
230 2426 307 2472 neglecta
318 2426 405 2459 mansisset
420 2425 441 2457 ad
452 2426 496 2458 huuc
507 2435 559 2468 usque
574 2427 634 2460 diem.“
657 2428 695 2461 Lcc'
702 2429 801 2463 Dissertatio

68 2480 88 2513 de
100 2482 151 2524 Erre}
164 2485 199 2517 Vol.
211 2486 230 2523 l„
238 2495 254 2528 p.
267 2483 304 2517 ist.
326 2483 413 2527 Reliquiae
427 2483 462 2526 eJ'us
474 2484 579 2517 continentur
591 2485 652 2530 exiguo
664 2483 747 2520 volumine
759 2497 801 2531 qua-

68 2541 150 2582 ternario,
172 2542 216 2585 quod
228 2541 333 2574 inscribitur:
354 2540 425 2584 „Opera
441 2540 531 2574 reverendi
543 2540 622 2586 doctique
633 2542 653 2578 D.
666 2542 704 2576 Joh.
717 2537 799 2585 Gregorii,

67 2590 141 2636 hlagistrl
153 2598 211 2630 artium
220 2596 324 2631 Christianae
336 2596 418 2630 ecclesiae
429 2596 494 2631 olona
505 2596 542 2630 tor.
553 2596 578 2630 lt:
590 2590 658 2643 quornm
669 2600 715 2641 prius
727 2598 800 2640 amplec-

68 2646 107 2679 titur
118 2655 165 2683 notas
178 2656 195 2683 et
206 2651 331 2684 observationes
343 2651 364 2684 rte
375 2652 427 2685 variis
438 2651 532 2694 Scripturae
544 2652 594 2694 locis3
610 2653 699 2686 secundum
710 2652 746 2694 ejus
754 2658 802 2695 post-

68 2700 122 2745 huma,
136 2708 146 2738 i.
156 2717 171 2741 e.
183 2707 238 2749 plnres
250 2707 308 2740 doctos
315 2711 395 2739 tractatus
404 2706 425 2740 de
433 2707 484 2741 variis
497 2707 552 2743 rebus.
564 2708 634 2742 Lorrdin.
643 2707 799 2743 restinctum.

68 2756 156 2793 Arabicum
167 2762 196 2796 lils.
209 2762 355 2805 cassubiorum.
368 2769 410 2806 part.
423 2763 438 2801 1,
