1807 3145
321 691 640 797 1111111111.
666 786 668 788 ,

169 870 225 909 Aurio
238 867 343 907 centesimo
355 867 462 919 trigesimo,
477 871 579 917 postquam
588 866 654 906 ludaei
666 868 775 919 Aegyptum
789 879 845 909 vene—

114 943 164 984 rant,
180 935 250 987 elapsis
266 935 363 987 sexaginta
377 933 476 985 alosephi
491 938 553 973 morte
563 934 627 979 annis,
634 932 727 974 Pharaoni
742 935 844 977 dormienti

114 1006 209 1046 somnium
226 1002 289 1043 visum
304 1006 341 1042 est:
357 1013 415 1041 senex
433 993 498 1040 eoram
518 1013 542 1040 eo
563 1001 632 1048 stabat,
653 1002 796 1043 ruarrulibram
811 1015 842 1054 gc-

113 1078 175 1119 stans,
191 1070 246 1121 cuius
261 1070 280 1110 in
296 1069 354 1109 altera
368 1068 424 1109 lance
438 1068 526 1109 uniuersa
535 1069 645 1120 Aegyptus,
656 1070 726 1121 pueri,
740 1071 845 1111 111111111-

113 1152 150 1192 que
166 1138 342 1190 conspiciebantur,
361 1138 382 1176 in
397 1138 455 1176 altera
468 1149 516 1187 puer
530 1139 598 1176 unicus
614 1143 666 1184 erat,
688 1138 719 1190 qui
740 1140 793 1178 solus
808 1139 844 1179 toti

112 1221 172 1260 regno
194 1204 357 1259 praeponderavit.
386 1205 427 1244 lier
447 1204 491 1244 dum
512 1206 540 1244 rei
558 1206 753 1246 miraculumanimo
774 1212 844 1254 versat,

111 1277 198 1327 protinus
220 1273 292 1316 siccatis
314 1271 431 1324 sapientibus
450 1284 472 1311 ac
491 1274 552 1324 magis
574 1272 621 1312 illud
641 1274 734 1324 exposuit.
766 1274 845 1315 Attoniti

113 1357 180 1385 omnes
199 1341 300 1396 paridique
315 1341 400 1388 stabant,
419 1353 464 1381 eum
486 1342 554 1394 aliquis
574 1354 596 1382 11
617 1343 731 1394 proceribus
750 1354 846 1394 inagnum,

111 1415 149 1453 hoc
170 1414 258 1459 somnio,
278 1405 364 1464 Aegypto
384 1411 484 1458 cla'runum,
505 1416 637 1464 terroremque
659 1413 747 1464 portendi
773 1411 847 1451 docuit:

113 1483 164 1524 Puer
177 1482 222 1528 hic,
239 1481 308 1533 inquit,
324 1480 364 1532 regi
377 1481 505 1533 percontanti,
520 1479 604 1521 ludaeos
619 1485 654 1528 est,
671 1482 701 1533 qui
715 1482 753 1520 hoc
767 1492 846 1532 reguum

115 1553 229 1604 grauissimo
243 1540 346 1590 infortunio
359 1549 454 1591 mactabit.
477 1549 542 1601 ltaque
553 1551 571 1590 si
584 1550 630 1590 mibi
645 1550 716 1596 eredis,
731 1550 846 1591 ludaeorum

115 1632 184 1660 omnes
198 1620 249 1659 lilios
263 1618 345 1659 interfici
366 1618 448 1658 curabis.
476 1618 519 1657 Hoc
539 1619 621 1658 fortasse
641 1619 723 1657 consilio
744 1618 772 1657 sic
792 1618 846 1669 pueri

114 1689 157 1728 latis
182 1689 276 1727 obsistere
299 1688 377 1732 licebit,
404 1688 511 1737 somniique
537 1687 634 1737 desolabit
653 1692 738 1727 eventus.
774 1687 846 1726 Placuit

114 1755 217 1802 Pharaoni,
236 1753 356 1806 lurlaeasque
376 1753 489 1794 obstetrices
512 1747 595 1799 vocarit,
616 1758 637 1793 nt
654 1758 706 1805 patet
727 1766 749 1811 eu
769 1753 845 1794 Genesi.

111 1824 157 1866 lllae
167 1828 231 1864 autem
245 1823 357 1868 timuerunt,
373 1827 429 1874 atque
443 1822 484 1874 regi
499 1827 578 1873 postea,
594 1834 629 1868 cur
642 1829 745 1863 nascentes
759 1822 843 1862 ludaeos

112 1905 151 1932 nou
173 1890 299 1936 occidissent,
319 1890 453 1941 interroganti,
474 1890 614 1940 responderunt
633 1891 725 1929 mulieres
746 1883 844 1930 Hebraeas

109 1961 157 2002 feris
172 1958 298 2002 animantibus
312 1959 430 2011 persimiles,
451 1970 499 2010 quae
519 1971 583 1999 earum
598 1948 695 2000 adinstar
710 1959 844 1999 obstetricibus
859 1962 860 1965 ’

111 2039 151 2067 nun
164 2028 276 2079 indigerent.
305 2027 363 2077 igitur
378 2026 401 2064 de
415 2025 539 2076 projiciendis
558 2028 578 2064 in
596 2027 660 2064 Nilum
678 2028 743 2076 pueris
758 2027 844 2066 edictum

109 2096 220 2148 proposuit,
236 2106 275 2146 quo
290 2093 354 2133 audito
368 2094 433 2144 plures
452 2095 541 2134 uxoribus
558 2107 624 2135 carere
643 2095 797 2142 substinuerunt,
813 2095 844 2134 alii

110 2166 138 2203 uti
157 2164 271 2215 pergebant,
293 2163 408 2202 ludaeorum
429 2176 488 2214 genus
508 2165 543 2203 hnc
563 2165 623 2204 deleri
645 2170 685 2204 arte
700 2178 738 2203 non
752 2165 843 2203 11111111,
879 2202 881 2205 ,

109 2233 165 2282 Ipsae
184 2234 255 2269 matres
276 2235 365 2269 recentes
387 2235 406 2269 et
427 2230 488 2269 arllruc
509 2231 531 2270 ab
553 2236 607 2271 utero
627 2232 717 2271 rubentes
740 2236 804 2282 partus
823 2232 843 2270 in

110 2298 182 2348 campis
197 2296 334 2347 relinquebant.
358 2297 428 2337 Verum
438 2298 498 2342 Deus,
514 2300 545 2347 qui
561 2310 627 2337 eorum
637 2299 723 2337 Patribus
739 2299 842 2349 juraverat

109 2364 239 2417 multiplicabo
260 2375 326 2403 semen
347 2368 433 2403 vestrum
459 2365 509 2403 sicut
532 2365 632 2416 puluerem
656 2370 729 2411 terrae,
757 2365 842 2417 Angelos
885 2406 886 2409 ,

109 2433 171 2478 misit,
186 2432 218 2483 qui
231 2432 296 2483 pueris
311 2432 366 2478 lotis,
382 2433 484 2483 unctisque
499 2444 521 2472 ac
537 2433 631 2474 obuolutis
652 2434 725 2486 lapides
739 2434 796 2474 binos
811 2445 843 2483 ap-

109 2504 224 2550 posuerunt,
239 2511 356 2548 aliquorum
371 2501 431 2540 altero
442 2500 472 2540 lae
483 2501 581 2551 sugebant,
597 2513 619 2540 11
634 2502 720 2542 secundo
736 2502 774 2540 mel
786 2502 842 2541 esita-

108 2568 166 2614 haut,
188 2565 252 2617 capilli
272 2566 295 2605 ad
314 2579 375 2618 genua
391 2566 469 2619 penduli
494 2579 564 2617 corpus
584 2568 669 2608 molliter
690 2567 786 2621 tegebant.
814 2568 840 2607 lta

109 2637 198 2676 misertus
214 2646 281 2674 corum
295 2635 358 2682 Deus,
375 2648 423 2688 quos
437 2649 472 2688 per
487 2648 563 2676 omnem
577 2641 647 2678 terram
661 2638 788 2689 multiplicare
809 2636 841 2677 de-

109 2709 204 2751 creverat,
219 2708 281 2744 terrae
295 2703 338 2743 illos
354 2706 472 2756 susciperet,
493 2710 615 2757 servaretque
638 2706 660 2745 ad
680 2706 762 2745 adultam
777 2716 839 2757 usque

108 2778 190 2812 aetatem
200 2773 304 2821 imperarit.
328 2774 361 2812 llla
376 2774 422 2811 nihil
437 2779 510 2812 morata
525 2773 626 2814 dehiscens
642 2788 676 2816 eos
693 2775 773 2825 excepit,
788 2779 840 2825 post-

107 2840 225 2893 modumque
235 2839 313 2885 vomuit,
325 2840 353 2880 sic
360 2840 457 2892 intelliges
466 2842 603 2894 locumpsalmi
610 2846 647 2884 72:
657 2842 700 2882 llli
709 2841 840 2881 florebant
