1807 3145
363 186 485 237 alestanno.
749 196 786 242 193

103 323 133 371 ιι)
149 320 196 369 Quis
211 323 241 359 est
254 319 284 357 hic
299 317 396 357 mundus?
424 320 451 359 Er
467 317 519 357 omni
535 317 658 368 generatione
674 315 701 355 Te
718 313 788 353 debent

60 393 136 433 laudare
150 389 170 434 ii,
185 387 217 438 qui
231 399 270 425 non
285 386 380 423 dormiunt
395 387 421 434 [in
436 386 534 436 pulverc],
549 384 584 424 sed
594 389 643 422 stant
655 394 717 420 coram
728 381 794 432 gloria

61 461 110 505 Tua,
135 440 266 500 celebrantes,
285 451 428 505 magnificantes
444 457 462 492 et
477 451 575 491 dicentes:
599 454 686 494 sanctus,
704 452 788 492 sanctus,

61 526 154 569 Dominus
169 523 277 574 spirituum,
298 521 330 572 qui
345 533 423 560 omnem
434 520 526 560 mundum
541 520 640 571 spirituum
655 518 742 569 complet.

105 591 176 639 teithi
191 591 242 629 oculi
255 588 394 629 meisviderunt
409 600 482 634 omnes,
499 589 530 638 qui
544 600 583 627 raon
593 579 710 626 dormientes
725 595 789 623 coram

62 675 84 703 eo
96 663 151 704 stant,
167 669 248 709 eumque
259 654 371 707 glorificant,
385 653 481 694 dicentes:
495 654 610 695 Benedictus
621 653 647 692 sis
658 656 684 698 tu,
699 656 719 691 et
731 651 790 690 bene·
803 656 808 665 ·

62 729 131 769 dictum
147 725 172 765 sit
185 736 254 764 nomen
269 723 306 763 Dei
319 723 339 762 in
354 734 411 762 omne
426 735 498 774 aevum.
514 722 576 771 'Tum
590 721 648 761 facies
663 730 706 758 mea
720 721 790 770 mutata

62 801 100 842 est,
121 793 183 834 donec
197 792 262 834 videre
276 804 314 832 non
330 791 409 844 amplius
423 797 513 843 poteram.

368 918 429 955 aaa.
449 916 486 956 m.
534 890 537 898 Χ

97 1022 101 1028 ,.
119 997 137 1045 1)
152 998 197 1037 Post
210 997 258 1035 baec
270 989 364 1051 conspexi
379 996 436 1035 millia
450 996 529 1035 millium
544 1002 562 1037 et
574 995 669 1048 myriades
680 991 792 1045 myriadum,

63 1073 81 1107 ct
96 1066 190 1116 inlinitum
201 1064 299 1104 hominum
310 1076 416 1110 numerum,
432 1077 497 1104 coram
506 1065 589 1105 Domino
599 1065 699 1116 spirituum
713 1065 792 1101 stantes.

119 1134 139 1182 ⁶3)
154 1133 175 1173 ln
194 1136 275 1184 quatuor
296 1143 373 1183 quoque
394 1132 428 1170 alis
447 1132 523 1171 Domini
545 1133 653 1184 spirituum,
674 1132 693 1170 in
713 1134 793 1181 quatuor·

65 1202 165 1245 lateribus,
190 1201 237 1239 alios
258 1200 348 1250 conspexi
368 1204 443 1249 praeter
462 1212 508 1245 eos,
533 1201 565 1250 qui
580 1202 631 1248 [ante
646 1200 700 1246 eum]
714 1198 794 1236 stabant.

64 1269 144 1308 Nomina
157 1280 233 1318 quoque
244 1278 311 1305 eorum
320 1267 371 1311 novi,
387 1263 476 1317 ¹quoniam
486 1266 555 1319 angeli,
570 1267 602 1319 qui
616 1279 697 1311 mecum,
713 1277 735 1303 ea
749 1263 795 1302 mibi

65 1334 195 1386 explicabant,
215 1345 272 1371 omrre
287 1337 385 1372 secretum
398 1335 444 1373 mibi
458 1336 571 1385 aperientes.

119 1401 137 1450 3)
152 1401 202 1441 Tum
217 1400 279 1442 audiri
293 1414 352 1443 voces
367 1393 440 1449 eorum}
455 1402 487 1453 qui
502 1407 555 1443 erant
568 1403 587 1443 in
603 1407 683 1454 quatuor
697 1398 794 1444 lateribus,

66 1468 184 1508 celebrantes
199 1467 303 1507 Dominum
318 1468 396 1519 gloriae.

119 1536 138 1586 4)
153 1532 215 1577 Prima
229 1548 265 1578 vox
280 1537 382 1579 celebravit
391 1538 495 1579 Dominum
505 1538 604 1590 spirituum
619 1539 639 1579 in
652 1549 709 1579 omne
722 1547 795 1578 aevum.

120 1606 139 1653 5)
155 1605 264 1645 Secundam
277 1619 346 1646 vocem
361 1607 423 1648 audivi
437 1607 567 1646 celebrantem
580 1608 668 1647 Electum
682 1611 701 1646 et
711 1606 795 1649 Eiectos,

67 1674 100 1725 qui
115 1674 222 1713 cruciantur
235 1678 312 1724 propter
326 1669 429 1713 Dominum
443 1674 548 1725 spirituum.
794 1658 801 1666 ³

120 1743 139 1790 6)
155 1742 239 1781 Tertiam
251 1754 322 1791 rocem
336 1742 398 1782 audivi
409 1742 548 1793 supplicantem
563 1747 582 1781 et
591 1746 702 1792 precantem
715 1754 751 1791 pro
765 1740 795 1785 iis,

67 1810 98 1861 qui
113 1809 132 1849 in
147 1814 197 1850 terra
212 1812 257 1848 sunt
270 1813 289 1848 et
302 1809 405 1861 implorant
418 1822 490 1849 nomen
503 1809 581 1849 Domini
595 1808 700 1861 spirituum.

119 1878 139 1925 7)
155 1877 246 1925 Quartam
260 1889 328 1918 vocem
351 1878 412 1918 audivi
428 1879 554 1928 expellentem
573 1879 643 1929 impios
662 1876 753 1928 angelos,
778 1880 796 1914 et

65 1945 196 1993 prohibentem
210 1957 250 1989 eos,
265 1957 290 1982 ne
305 1944 420 1984 accederent
433 1945 452 1982 in
462 1946 589 1995 praesentiam
597 1945 674 1984 Domini
689 1945 795 1994 spirituum,

65 2016 84 2051 et
98 2011 176 2051 orinrina
190 2010 297 2062 proferrent
310 2016 452 2052 contraiterrae
466 2011 546 2051 incolas.

120 2077 139 2127 8)
153 2078 200 2119 Post
214 2078 262 2118 haec
279 2079 344 2131 rogavi
359 2078 447 2131 angelum
466 2079 528 2131 pacis,
555 2079 587 2132 qui
607 2091 693 2125 mecum,
717 2084 738 2119 ut
751 2078 797 2119 mihi

66 2148 168 2198 explicaret
183 2147 256 2192 omnia,
277 2158 325 2198 quae
340 2145 451 2200 abscondita
466 2140 520 2188 sunt(
543 2149 586 2188 Diui
601 2150 628 2188 ci:
649 2149 686 2196 Qui
701 2154 745 2187 snm
758 2149 796 2193 isti,

32 2254 34 2258 Α
67 2215 132 2266 [quos]
152 2214 191 2256 vidi
210 2215 230 2254 in
248 2219 329 2265 qrratuor
350 2215 454 2262 lateribus,
479 2222 498 2257 et
517 2228 598 2267 quorum
617 2215 675 2257 verba
696 2215 758 2257 audivi
778 2219 798 2255 et

66 2281 145 2321 notavi‘l
162 2281 278 2332 Respondit:
292 2283 364 2332 primus
377 2286 407 2322 est
417 2283 508 2328 clemens,
523 2269 696 2332 patiensjsanorus
707 2282 796 2323 Michael.

121 2346 140 2397 9)
155 2349 256 2390 Secundus
271 2351 340 2395 estis,
361 2352 392 2401 qui
407 2353 498 2401 [praeest]
514 2352 565 2389 omni
581 2351 642 2389 dolori
657 2356 676 2390 et
691 2351 742 2388 omni
756 2350 797 2390 vul-

66 2416 106 2454 neri
120 2416 204 2457 iiliorum
218 2417 327 2472 hominum,
343 2423 421 2456 sanctus
436 2418 524 2468 Rapbael.
554 2417 640 2464 Tertius,
656 2419 688 2470 qui
703 2418 795 2469 [praeest]

66 2484 129 2528 omni,
150 2485 284 2538 quodpdotens
299 2491 339 2529 est,
363 2485 445 2523 Gabriel.
473 2487 597 2540 thnartus
623 2487 655 2537 qui
668 2486 796 2537 poenitentiae

67 2547 169 2598 [praeest],
194 2556 213 2590 et
234 2542 274 2600 spei
295 2564 372 2596 eorum,
399 2552 430 2602 qui
447 2542 547 2595 aeternam
566 2553 624 2593 vitam
645 2552 795 2596 haereditabunt,

66 2612 154 2658 Phanuel.
183 2620 206 2660 Hi
225 2625 269 2659 sunt
288 2625 367 2672 quatuor
387 2620 451 2672 angeli
464 2622 499 2660 Dei
519 2623 656 2666 excelsissimi,
682 2627 700 2660 et
715 2625 796 2671 quatuor

67 2692 133 2724 corum
146 2699 215 2733 voces,
231 2699 277 2738 quas
289 2693 329 2728 tum
343 2689 435 2740 temporis
450 2690 563 2729 arrdiveram.

88 2798 148 2850 Prbpb.
