1807 3145
299 160 326 194 lat,
339 161 393 194 editus
405 172 414 195 a
426 159 472 194 Rich.
485 161 573 194 Lurtrence.
765 169 802 206 159

70 279 138 325 tarum,
155 285 203 327 quae
213 274 368 320 Nebueadnenar,
383 274 485 328 Babylonis
499 286 533 315 rer
547 261 713 316 combusserat.“¹
727 277 750 318 m
764 278 801 318 alio

70 343 157 393 ejusdcm
172 346 236 395 operis
252 346 296 384 loco
311 342 369 384 Ecras
390 344 488 395 prophetis
504 341 650 390 adnumeratur,
676 345 738 385 statim
756 343 802 397 post

69 412 137 451 lsaiam
158 418 177 452 et
191 412 293 451 Jeremiam
313 410 428 451 collocatus
453 411 487 451 His
506 410 569 451 verbis
588 416 717 451 memoratur:
741 413 801 460 „birra
862 465 864 468 v

69 481 147 523 Satrici,
163 480 239 530 triginta
253 491 314 518 annos
329 484 374 528 post
389 478 450 518 deleta
464 478 541 518 Israelis
556 479 634 529 oppida,
658 480 710 521 etin
724 484 807 533 captivi·¹
844 510 846 513 -

68 548 233 598 tatemrdeductos
248 546 314 587 Sionis
328 545 406 604 liberos,
421 544 521 588 lamentari
539 545 603 595 coepit
615 542 699 585 Sionem.
720 547 802 587 Etcum
827 579 831 585 .

69 616 193 657 acerbissime
207 616 262 656 tieret
272 614 296 653 de
312 600 410 665 obsipnata
421 614 464 666 lege
476 617 495 653 et
509 614 616 665 captivitate
625 614 737 662 Levitarum,
753 616 801 657 Sion
819 656 823 659 ,

67 685 94 725 illi
106 697 127 724 se
138 683 205 723 obtulit
216 676 264 723 facie
275 682 424 734 splendescente
434 682 480 721 solis
490 681 586 722 radiorum
595 682 662 729 instar,
679 688 698 724 et
706 686 801 725 montium

67 751 188 791 hindamcnta
203 762 298 790 concussa
313 756 369 794 sunt,
385 751 431 788 dum
444 750 562 799 loquebatur.
583 749 631 788 utra
646 750 758 791 consolatus·
771 762 801 796 est

68 823 174 869 conspecto
190 818 262 869 gloriae
278 817 388 869 splendore,
404 829 452 869 quae
467 817 569 857 absentem
583 821 640 862 tuam,
656 827 668 856 o
682 818 746 869 Virgo,
761 820 801 859 eiii·
816 815 818 817 ’

66 881 117 939 giem
136 885 274 930 circumdedit,
300 885 336 924 sed
354 885 409 925 faciei
430 889 474 924 tuae
492 885 557 924 lumen
577 895 617 922 non
636 896 681 924 vere
695 887 800 938 conspexit.

68 952 208 1004 Crepusculum
222 952 285 997 uidit‚‘
295 963 333 991 non
348 952 416 999 sotem
432 951 534 991 scintillam
547 949 603 997 vidit,
617 963 681 1004 neque
695 965 741 992 vero
755 953 801 994 lama

64 1020 142 1072 padam,
168 1031 190 1059 ex
205 1031 241 1071 qua
258 1020 372 1072 effulgebat,
393 1032 457 1072 neque
471 1020 535 1059 lucem
548 1020 644 1067 veritatis,
667 1032 715 1072 quae
731 1029 799 1063 revera

64 1088 84 1126 in
98 1092 118 1127 te
132 1087 212 1132 habitat,
228 1098 251 1127 ex
266 1098 302 1138 qua
317 1093 337 1127 et
350 1076 439 1139 prosiluit
448 1086 534 1136 justitiae
549 1086 617 1133 uilius,
633 1087 729 1139 dissipans
745 1093 798 1130 tene-

64 1151 144 1194 br·as.“²
159 1154 179 1193 st
195 1155 283 1205 antiquus
298 1156 393 1207 interpres
408 1155 527 1205 aethiopicus
538 1152 621 1201 easdem,
637 1167 684 1207 quas
695 1158 798 1208 populares

64 1222 105 1271 ejus
120 1222 235 1261 recentioris
245 1224 318 1268 aetatis,
332 1224 409 1263 fovebat
423 1224 523 1273 opiniones
536 1222 560 1260 de
569 1223 617 1261 Ezra
628 1212 709 1272 ejusque
721 1224 800 1263 visioni-

63 1289 112 1334 bus,
140 1286 256 1326 concludere
274 1299 392 1337 possumus,
417 1300 461 1327 eum
481 1300 554 1328 summa
569 1300 619 1327 cum
633 1289 760 1341 religionem
775 1298 799 1332 eo

55 1347 149 1400 navasse,
164 1358 185 1392 ut
195 1354 298 1404 genuinum
313 1353 426 1403 exemplaris
438 1364 517 1392 sensum
525 1355 621 1391 redderet
632 1357 708 1401 Neque,
724 1356 799 1393 etiamsi

63 1422 87 1461 de
101 1420 193 1461 canonica
203 1420 246 1459 libri
259 1421 372 1459 auctoritate
387 1419 506 1469 dubitauerit,
522 1416 612 1468 quodni
627 1417 725 1463 credibile,
739 1419 797 1460 habe-

65 1500 119 1535 mus,
140 1469 174 1525 cur
187 1484 281 1538 versionis
295 1484 354 1525 fidem
367 1486 388 1524 in
402 1486 533 1535 suspicionem
546 1495 645 1524 vocemus⁴
675 1484 715 1524 Sed
729 1486 745 1524 si
759 1485 798 1525 non

66 1541 165 1598 dubitavit,
181 1548 223 1592 talis'
238 1553 323 1603 suspicio
339 1554 417 1592 omnino
431 1564 479 1593 vana
493 1556 518 1591 sit
532 1563 615 1591 necesse
630 1555 665 1590 est.

120 1621 155 1661 His
175 1618 339 1660 observationibus
362 1631 423 1670 pauca
444 1617 511 1658 addam
531 1617 555 1657 de
571 1618 653 1658 auctoris
670 1622 690 1659 et
704 1619 797 1671 religione

66 1694 84 1728 et
98 1692 166 1729 aetate.
696 1727 698 1729 .

110 1757 149 1796 aue.
159 1756 188 1795 his
201 1756 345 1807 quaestionibus
355 1756 418 1796 variae
428 1754 530 1795 admodum
540 1759 559 1794 et
570 1755 677 1794 contrariae
685 1756 704 1795 in
714 1757 798 1798 medium

65 1823 149 1874 prolatae
158 1823 202 1863 sunt
217 1823 346 1873 conjecturae⁷
357 1823 376 1862 in
391 1826 441 1862 tanta
452 1823 562 1861 criticorum
571 1822 655 1862 uirorum
664 1823 813 1869 inconstantia,

65 1890 141 1928 Auctor
153 1889 194 1943 ejus
209 1890 251 1928 aliis
265 1890 358 1934 iudaeus,
378 1889 419 1926 aliis
429 1889 553 1927 'Christianus
568 1896 591 1925 ex
604 1888 703 1927 Iudaismo
719 1905 798 1933 eonver-

67 1967 114 2006 susp
133 1957 173 1996 aliis
188 1955 305 1997 Montanista
319 1968 363 1995 esse
376 1955 429 1994 visus
444 1958 486 1999 est3
504 1958 523 1994 ct
537 1953 582 1993 dum
601 1954 621 1993 hi
642 1960 685 1994 ante
700 1957 796 2000 Christum

66 2027 130 2062 natum
145 2033 189 2062 eum
204 2009 273 2063 elicisse
293 2022 393 2068 volebant,
414 2023 442 2060 illi
461 2033 500 2061 non
520 2022 583 2061 minus
598 2027 686 2069 strenue,
709 2028 796 2067 secundo

67 2090 144 2129 demum
160 2090 277 2130 Christianae
292 2102 348 2130 aerae
363 2090 440 2130 saeculo
455 2090 558 2140 scripsisse
573 2090 719 2139 contenderunt,
734 2107 798 2145 quam-

68 2167 124 2206 quam
138 2156 227 2195 Clemens
242 2155 381 2212 Alexandrinus
391 2161 443 2204 *ante
463 2156 521 2205 hujus
542 2158 603 2197 seculi
617 2157 675 2198 tinem
690 2159 798 2203 distinctam

67 2224 127 2263 nostri
136 2226 255 2265 mentionem
265 2225 326 2270 faciat,
342 2236 404 2275 neque
414 2228 435 2263 ut
445 2223 510 2275 spurii,
526 2223 560 2263 sed
572 2228 592 2263 ut
600 2225 678 2275 genuini
687 2227 797 2278 prophetae.

122 2284 227 2331 tractorem
242 2291 328 2331 Judaicis
343 2292 403 2330 sacris
424 2290 535 2331 adhaesisse
549 2291 569 2329 in
583 2295 658 2341 promtu
673 2297 711 2338 est;
734 2308 797 2347 neque

40 2382 41 2385 η
68 2354 101 2394 ulli
112 2355 223 2397 dubitationi
232 2357 287 2396 locus
297 2356 382 2401 relictus,
398 2357 443 2407 quin
458 2355 565 2395 adhucdum
579 2355 661 2395 iudaeus
675 2358 739 2407 fuerit,
753 2373 797 2403 eum
817 2397 819 2399 .

68 2421 127 2460 Ezrae
147 2437 219 2462 nenaen
239 2429 258 2462 et
278 2424 389 2474 dignitatem
410 2424 510 2471 usurparit.
540 2424 588 2469 Quis
606 2424 645 2463 nisi
659 2425 743 2466 iudaeus
760 2430 797 2470 sibi

68 2488 184 2535 persuadere
199 2494 283 2541 poterat,
308 2488 328 2527 id
349 2488 400 2539 quod
413 2489 473 2528 fastus
492 2488 597 2528 immensus
612 2488 695 2532 ludaeos
714 2493 796 2542 edocuit,

69 2552 130 2592 Deum
148 2556 240 2595 mundum
259 2555 379 2595 solummodo
399 2556 419 2595 in
438 2556 500 2606 gentis
518 2554 569 2596 illius
584 2557 696 2608 praecipuae
713 2560 797 2601 favorem

70 2623 162 2662 creasset
186 2624 277 2671 „l]iristi‚
291 2620 370 2674 propter
384 2636 418 2665 vos
434 2623 496 2663 creavi
510 2622 615 2664 muntium.
627 2655 646 2664 ..
661 2625 684 2665 ut
694 2627 709 2665 si
719 2633 798 2678 propter

72 2712 219 2723 κ-ψ--σ-υ

113 2763 133 2817 l]
147 2766 205 2800 Preces
218 2770 234 2801 iu
247 2769 290 2801 dictu
301 2766 356 2801 lunae,
373 2768 428 2801 initio.
452 2768 472 2810 2)
484 2768 543 2803 Preces
555 2770 571 2802 in
584 2768 628 2802 diem
639 2768 691 2804 louis.
