1807 3145
112 224 151 262 154
247 237 248 240 ¹
384 221 446 254 Esdrac
457 219 499 253 liber
511 224 578 264 quartus
602 218 604 221 “

111 335 220 386 dijudicatu,
235 337 266 374 cui
281 336 363 375 versioni
378 338 448 376 hocin
462 336 506 375 loco
522 337 615 387 antiquior
629 341 648 375 61
661 338 768 386 accuratior
783 336 841 376 lectio

110 402 210 441 tribuenda
224 403 254 440 sit.
692 453 693 457 Ἰ
847 391 864 409 '⁵

165 467 329 519 Qualemcumqoc
348 475 411 510 autem
432 470 562 510 auctoritatem
582 470 648 509 critici
660 469 760 510 tribuerint
780 468 840 508 tribus

109 535 236 584 versionibus,
251 537 372 577 manifestum
385 541 420 584 est,
435 537 500 577 multis
510 538 530 577 in
543 537 627 589 partibus
639 537 716 577 latinam
730 549 752 577 ex
768 535 841 576 duabus

110 604 174 644 alteris
188 604 290 644 commode
300 605 397 646 emendari
411 618 475 656 posse.
496 606 529 646 Sic
544 619 585 657 cap.
595 605 621 650 Il,
639 609 668 645 14.
684 605 759 656 (latinae
769 604 799 651 lv,
816 605 841 653 7.)

110 672 167 712 verba
187 683 293 722 „quaenam
308 677 338 712 est
351 673 380 713 via
394 674 476 712 inferni“
498 673 517 713 id
532 679 562 714 est
578 670 605 713 ad
615 673 701 719 inferos,
728 685 777 724 quae
792 671 842 723 apud

110 740 224 791 Aethiopem
239 744 262 785 ,et
282 739 365 779 Arabem
385 741 517 789 reperiuntur,
547 753 570 780 ex
590 741 648 780 latino
670 744 722 780 textu
745 740 842 781 evidenter

110 809 201 858 apparent
219 805 319 845 excidisse.
347 807 435 845 Proximo
455 808 506 846 enim
526 819 583 847 versu
604 807 628 846 ad
647 796 789 858 quaestionem:
813 805 842 851 „sl

111 884 176 914 essem
193 873 313 925 interrogans
333 878 351 913 te
371 863 458 915 dicens]
474 905 497 914 ..
518 879 597 927 quantae
612 887 672 920 venae
684 877 737 920 >sunt
754 872 774 912 in
792 871 842 924 prin-

111 942 161 992 cipio
176 941 252 992 abyssi,
268 947 299 982 aut
313 947 393 993 quantae
407 956 469 983 venae
484 949 528 983 sunt
542 957 600 996 super
613 938 764 988 firmamentum,
780 944 841 986 etc.;“

110 1008 247 1058 respondetur:
272 1010 359 1054 „diceres
374 1011 419 1048 mihi
433 1012 534 1057 fortassis,
549 1013 568 1050 in
584 1012 674 1062 abyssum
688 1024 727 1050 non
736 1007 840 1052 descendi,

110 1086 189 1127 neque
213 1077 237 1115 in
261 1077 387 1116 infernum
411 1077 500 1124 adhuc,
528 1090 591 1129 neque
615 1080 635 1118 in
659 1078 734 1118 coelum
757 1085 842 1126 unquam

110 1141 216 1187 ascendi;“
233 1156 255 1182 ex
271 1156 308 1195 quo
323 1156 417 1195 responso
433 1144 484 1183 clare
499 1144 568 1190 elucet,
583 1146 629 1184 alias
644 1143 772 1196 antecessisse
786 1153 842 1191 quae-

93 1233 94 1236 =
113 1212 197 1260 stiones,
217 1222 266 1262 quae
280 1211 304 1255 ad
317 1223 349 1250 res
363 1212 415 1262 prius
430 1216 545 1252 memoratas
559 1213 689 1262 pertinuerint.

166 1279 221 1318 Alter
235 1278 320 1318 defectus
330 1278 383 1318 latini
397 1283 459 1318 textus
470 1278 553 1317 occurrit
566 1290 605 1329 cap.
615 1279 645 1324 lll,
660 1281 678 1318 5.
694 1277 773 1324 (latinae
783 1275 805 1321 V,
816 1274 841 1321 1.)

111 1345 142 1391 „si
151 1348 215 1394 autern
224 1345 258 1383 tihi
269 1343 342 1394 dederit
351 1345 460 1383 Altissimus
470 1344 540 1387 vivere,
550 1342 624 1382 vtdebis
633 1346 678 1392 post
687 1343 761 1382 tertiam
770 1342 840 1387 tubam,

111 1410 131 1446 et
144 1406 254 1446 relucescet
268 1402 330 1451 subito
345 1407 375 1445 sol
390 1410 474 1452 noctu;“
489 1407 521 1446 nbi
535 1412 580 1458 post
593 1420 662 1447 vocem
677 1407 768 1454 ,1111111111Ιί
785 1419 841 1459 quae-

111 1473 154 1515 dam
173 1473 252 1520 deesse,
273 1474 378 1524 interrnpto
399 1479 450 1515 textu
471 1466 610 1525 comprobatur.
640 1475 694 1523 Quae
709 1470 777 1515 lacuna
798 1462 841 1525 sup-

51 1541 52 1544 ’
102 1543 174 1594 ,pletur
187 1542 257 1582 ceteris
272 1543 404 1590 versionibus,
426 1555 474 1595 quae
493 1550 572 1598 utraque
587 1556 645 1584 voces
662 1550 772 1591 „terram
785 1549 840 1583 tur-

110 1610 204 1649 batam“
220 1609 300 1648 addunt:
316 1610 402 1654 „videbis
417 1610 536 1660 (aethiopica)
548 1615 592 1660 post
602 1612 677 1650 tertium
693 1623 785 1656 mensem,
801 1611 841 1650 sive

111 1681 198 1727 tempus,
224 1675 318 1726 (arautem
339 1676 445 1726 posthaec
460 1677 496 1716 tria
511 1675 571 1727 signa)
590 1680 687 1716 terram
705 1678 845 1722 turhatam„

111 1746 130 1781 ct
143 1743 251 1782 relucescet
266 1742 364 1790 (arabicaz
388 1742 495 1794 apparebit]
516 1742 578 1781 subito
600 1742 629 1780 sol
650 1746 727 1782 noctu.“
757 1742 842 1782 Tertium

108 1806 191 1855 hiatum,
211 1810 244 1860 qui
254 1810 375 1853 ,manifestior
390 1813 430 1855 est,
444 1809 536 1861 Vogelius
552 1809 664 1850 observavit.
692 1811 751 1849 Erras
766 1810 842 1849 scilicet

111 1878 198 1917 ultimum
213 1888 268 1915 suurn
284 1878 379 1916 somnium
394 1888 484 1923 narrans,
505 1877 553 1915 haec
568 1876 622 1916 dicit:
647 1877 682 1923 ,Et
691 1889 743 1917 ecee
758 1877 843 1916 domari

109 1950 177 1984 ventus
189 1944 311 1994 exsurgebat,
326 1949 347 1982 ut
359 1945 482 1982 conturbaret
491 1956 558 1982 omnes
568 1943 636 1981 fluctus
647 1941 724 1992 ejus.“¹
737 1945 843 1995 Hucusque

110 2016 150 2050 tres
164 2011 263 2052 versiones
283 2010 416 2050 consentiunt.=
440 2011 479 2050 Sed
493 2011 551 2050 latina
565 2012 594 2049 sic
608 2012 682 2062 pergit:
704 2012 740 2057 „Et
754 2012 804 2058 vidi,
824 2017 849 2052 et'

111 2091 159 2118 ecce
174 2078 320 2123 convalescebat
333 2077 378 2116 ille
397 2078 468 2116 homo
488 2078 629 2117 cummillibus
645 2078 714 2117 coeli.“
744 2078 784 2118 Sed
799 2080 843 2130 quis

111 2144 187 2184 horno?
214 2144 267 2189 Duae
287 2143 358 2182 alterae
374 2143 475 2201 versiones
495 2156 574 2182 sensum
594 2144 700 2194 complent,
721 2149 766 2194 post
785 2146 844 2185 verba

112 2217 145 2258 „et
158 2210 210 2252 vidi“
232 2210 324 2249 addentes
344 2210 406 2254 „hunc
425 2214 503 2248 ventum
522 2214 621 2248 exeuntem
636 2221 659 2248 ex
678 2211 726 2249 mari
747 2212 844 2257 (arabicae

111 2293 134 2319 er
152 2277 216 2318 medio
237 2278 297 2325 mariJ
316 2277 376 2315 instar
395 2275 498 2313 hominis.‘¹
534 2274 582 2313 Tum
608 2281 700 2328 pergunt:
725 2283 757 2324 „et
776 2283 845 2329 postea

113 2347 206 2397 (arabica:
228 2345 280 2394 tunc)
294 2345 327 2384 illc
348 2344 406 2383 homo
426 2343 495 2384 volavit
509 2342 603 2392 (arabIcaz
624 2344 662 2384 vidi
679 2345 733 2384 illum
747 2346 845 2386 hominem

113 2412 217 2460 volantem)
237 2424 280 2451 cum
299 2411 381 2451 nubibus
397 2410 475 2457 coeli;“
498 2421 535 2461 quo
549 2410 569 2449 in
583 2403 627 2449 loco
641 2412 702 2452 Arabs
717 2417 737 2452 et
750 2414 842 2465 Aethiops

114 2478 242 2526 consentiunt,
252 2480 355 2536 lectionem
365 2482 468 2530 sequentes
477 2478 500 2518 ab
508 2489 536 2523 ea,
547 2489 583 2528 qua
592 2478 661 2519 latinus
671 2481 734 2526 utitur,
745 2479 845 2525 diversam,

114 2547 149 2587 sed
163 2546 268 2586 meliorem.
627 2594 628 2597 Ἴ

168 2612 236 2660 Quoad
251 2613 348 2652 concisam
363 2618 382 2653 et
400 2617 508 2653 accuratam
521 2612 642 2658 versionem,
666 2615 760 2665 interpres
779 2613 841 2652 Arabs

112 2672 170 2733 longe
189 2682 267 2721 inferior
286 2680 361 2721 videtur
382 2687 400 2722 ct
413 2683 479 2732 Latino
499 2687 517 2722 ct
531 2676 630 2742 Aethiope.
659 2682 700 2721 tarn
713 2693 780 2732 supra
800 2681 843 2725 diri,

160 2826 179 2870 1)
192 2824 231 2870 cap.
244 2825 292 2867 xnr,
307 2824 321 2862 1,
341 2825 427 2868 011111,
441 2825 456 2859 a.
