1807 3145
123 237 164 278 uel
404 221 406 227 Ι
426 234 491 270 Enoehi
501 235 548 271 liher.

123 349 249 405 ‘Eypqupcov
266 344 367 407 ἀρχοντος
379 350 506 405 Χωραβιὴλ,
523 352 546 394 ad
562 358 586 395 cri
602 351 647 407 ἡλίο
665 354 853 409 ἀνακυκλευμοιτικὸν

125 418 194 471 μέτρον
211 420 262 460 εἶναι
279 419 395 470 tergedum
414 416 501 473 odacro,
519 425 599 476 μοίραις
613 426 739 477 τριακοσίαις
752 424 853 479 ἑξήκοντα.

126 494 243 539 aquario
257 488 449 541 Egregororum
462 486 586 541 principe
602 491 763 532 Chorabiele
779 493 853 535 edoc-

125 560 177 601 tos,
198 568 342 603 nrensuram
360 558 466 610 periodi
487 558 553 598 solis
574 558 680 600 absolvi
699 572 744 611 per
759 560 853 604 duode-

126 625 174 662 cim
192 612 277 674 signa,
298 626 425 675 gradihus
445 626 791 678 crecentis'etsexagintast
819 632 852 672 Sin

126 697 189 732 antem
200 692 323 733 doctissimus
333 694 361 734 vir
372 699 481 735 contextum
494 695 570 746 penitus
581 695 717 747 perspexisset,
732 697 789 739 verba
800 699 854 742 citata

126 772 170 800 esse
187 761 264 813 Georgii
286 761 382 814 syncelli,
403 775 442 802 non
457 763 560 803 Alexandri
574 764 706 814 Polyhistoris
726 767 854 818 cognovisset.

124 830 145 867 ln
160 831 285 869 antecedente
304 832 372 883 pagiua
388 831 490 883 Syncellus
511 833 590 883 longum
605 833 669 872 locum
683 834 785 874 Alexandri
799 836 855 887 Poly-

125 897 203 941 historis
217 898 331 944 laudaverat,
347 911 384 950 quo
400 900 468 940 decern
483 912 541 950 reges
557 905 600 941 aute
615 900 706 941 diluvium
716 909 853 951 enumerantur,

128 977 177 1017 quae
197 965 283 1006 fabulosa
304 965 395 1012 credens,
416 966 449 1006 illo
463 967 506 1017 ipso
521 966 576 1012 leco,
596 979 652 1019 quem
671 968 768 1010 Eahrieius
790 970 855 1018 adfert,

125 1034 207 1081 retulere
227 1039 316 1072 conatur:
338 1032 376 1074 Διὸ
392 1038 425 1075 καὶ
441 1036 492 1081 ‚,ait“
513 1039 558 1089 περὶ
578 1041 615 1077 τῶν
638 1036 723 1091 ἀπείρων
743 1038 802 1091 braio,
823 1044 856 1080 aul

124 1102 161 1140 τῶν
173 1100 219 1141 δέκα
231 1099 330 1150 βασιλέοιν
341 1105 379 1140 τῶν
394 1100 431 1156 πρὸ
443 1104 465 1143 τὲ
477 1102 604 1154 perculsione
609 1132 615 1156 ‚
631 1108 663 1144 ιιαὶ
674 1107 714 1144 ὅσα
726 1104 779 1145 ἀλλα
791 1107 856 1147 drona

125 1167 144 1208 ἒν
166 1167 217 1223 αὐτῇ
238 1166 337 1220 λέλεκται,
361 1168 491 1223 ἀπαγορεύων
506 1170 564 1224 μηδὲν
582 1170 632 1212 εἶναι
647 1169 739 1226 ἀληθὲς,
761 1172 807 1214 odat
822 1170 856 1224 triv

125 1232 163 1277 reio
183 1237 230 1278 ἐτῶν
250 1241 278 1286 εἰς
298 1236 396 1279 ἀνάλυσιν
416 1237 492 1292 ἡμερῶν
519 1240 545 1290 (p.
561 1237 647 1292 τὴντῶν
664 1240 710 1280 ἐτῶν
732 1244 761 1288 εἰς
782 1239 856 1294 ἡμέρας

126 1303 233 1353 ἀνάλυσιν)
254 1305 265 1358 ἢ
281 1303 374 1359 μερισμὸν
390 1305 520 1360 ἀποδέχομαι·
544 1306 590 1349 οὐδὲ
610 1303 645 1356 rig
662 1311 726 1349 ruore
746 1307 856 1363 utipanti-¹

126 1384 201 1420 σαντας
220 1375 253 1412 καὶ
275 1371 415 1421 senecionem
430 1371 518 1414 ἐνιαυτὸν
533 1372 607 1427 ἡμέραν
622 1374 742 1425 λογίζεσθαι
761 1377 798 1416 τών
817 1376 855 1430 πρὸ

125 1443 148 1482 nri
158 1437 306 1490 ιιαταιλνσμο.2
324 1441 411 1481 Proxime
423 1446 529 1492 sequuntur
540 1453 568 1488 eu,
584 1453 632 1493 quae
643 1441 741 1482 Fabricius
754 1449 856 1485 memorat:

125 1507 282 1562 παραλαβόντας
298 1515 333 1549 etc.
370 1508 410 1548 Sed
429 1509 476 1549 haec
502 1514 545 1549 sunt
565 1509 717 1549 luculentissime
738 1511 795 1551 verba
817 1523 856 1551 non

126 1578 227 1626 Alexandri
241 1577 374 1628 Polyhisloris,
390 1578 425 1617 sed
435 1578 512 1629 Georgii
524 1577 615 1629 Syneelli,
630 1578 661 1628 qui
674 1578 714 1627 jam
728 1579 798 1619 refutat
812 1592 856 1619 ean-

126 1647 170 1685 dem
185 1647 257 1691 autoris
271 1647 391 1691 sententiam,
407 1644 464 1696 quam
479 1652 533 1686 antea
548 1647 680 1696 descripserat.
739 1638 741 1640 ¹

181 1710 208 1756 ul
230 1715 260 1755 his
281 1714 369 1756 omnihus
392 1715 437 1756 satis
460 1714 535 1762 elucet,
559 1714 628 1755 librum
647 1719 733 1755 nostrum
753 1719 796 1756 ante
815 1727 856 1756 cem

127 1784 253 1824 Christianam
267 1784 358 1836 scriptum
374 1795 428 1831 esse,
450 1784 578 1825 verisimiliter
597 1783 692 1836 prioribus
707 1783 790 1824 Herodis
805 1785 856 1837 regis

127 1852 186 1901 annis.
215 1852 258 1891 Non
272 1852 364 1903 scriptum
379 1864 424 1891 esse
443 1852 465 1891 ab
485 1856 562 1891 auctore
577 1852 625 1891 Novi
639 1851 757 1891 Testamenti
776 1854 857 1904 scripto-

126 1919 178 1959 ribus
193 1919 299 1971 posteriore
315 1923 345 1957 ant
354 1919 458 1970 coaequali,
475 1928 497 1957 ex
511 1917 625 1958 toletanae
640 1918 722 1968 apostoli
737 1920 857 1960 manifestum

126 1992 169 2034 est,
190 2000 228 2040 quo
243 1988 343 2040 probatur,
364 1988 396 2028 illa
412 1977 472 2029 aetate
492 1988 543 2027 hune
558 1987 627 2027 librum
642 1988 677 2029 sub
691 1988 765 2028 Encehi
779 1990 857 2029 nemine

127 2059 258 2097 circumlatum
272 2057 339 2097 fuisse.

180 2126 251 2165 Mirum
271 2137 317 2164 sane
335 2125 396 2164 videri
415 2125 482 2175 possit,
502 2124 571 2162 librum
586 2125 640 2163 arinis
655 2129 740 2169 centum,
759 2124 790 2165 vel
805 2125 857 2176 quin-

127 2193 215 2244 quaginta
236 2196 279 2232 ante
300 2189 497 2242 dudae-epistolam3
517 2192 614 2241 seriptum,
636 2196 675 2230 tam
689 2182 743 2232 brevi
764 2193 856 2243 temporis
894 2235 896 2237 ,

127 2262 187 2310 spatio
201 2265 271 2300 tantam
286 2262 418 2300 auctoritatem
432 2263 508 2300 caetum
524 2271 579 2305 esse,
600 2264 620 2298 ut
634 2271 668 2309 pro
684 2260 767 2311 genuino
781 2260 857 2301 Euoehi

126 2328 244 2379 patriarchae
260 2340 317 2379 opere
332 2327 439 2368 haberetur.
467 2326 590 2378 Nequaquam
605 2338 650 2367 vero
665 2327 716 2373 ideo,
732 2329 775 2379 quia
784 2329 857 2369 Enoehi

126 2409 197 2439 nornen
214 2397 233 2436 in
251 2396 313 2436 fronte
329 2397 421 2447 gesserit,
446 2395 532 2445 sequitur
548 2393 630 2433 eundem
643 2386 747 2441 Heuocho,
771 2400 792 2435 ul
811 2409 856 2436 vero

127 2465 200 2504 auctori
215 2463 324 2505 attributum
338 2464 403 2505 luisse.
419 2463 476 2504 Liber
491 2461 636 2513 Sapientiae
650 2474 696 2514 prae
709 2474 730 2502 se
740 2462 776 2503 fert
785 2474 856 2502 nomen

126 2593 281 2601 ,βω-..-

173 2667 190 2708 1)
201 2666 258 2701 Codex
270 2666 378 2709 Pseudepigr,
395 2666 414 2699 V.
427 2666 469 2700 Test.
487 2665 523 2698 vol,
536 2665 549 2699 1,
562 2676 579 2708 p.
593 2663 629 2699 198,
657 2663 675 2707 2)
688 2664 706 2699 G.
719 2665 792 2709 Synoelli
804 2666 857 2701 Chre-

128 2724 225 2767 nographta,
238 2734 253 2767 p.
267 2721 294 2756 32.
317 2722 337 2765 3)
351 2723 395 2756 llaec
408 2723 477 2765 epistola
488 2722 538 2766 vulgo
551 2722 623 2754 creditur
635 2723 679 2755 eirea
695 2733 755 2772 annum
766 2728 856 2767 septuage-

128 2782 185 2815 simum
201 2780 261 2822 scripta
278 2790 319 2813 esse.
345 2779 362 2813 Si
377 2779 428 2821 igitur
444 2778 509 2811 Enoehi
523 2778 582 2811 librum
599 2783 658 2812 oeraro
670 2779 741 2812 Herodis
752 2789 807 2822 arnna,
825 2781 857 2813 hoe

127 2844 153 2874 ese
164 2841 247 2872 uicesimo
260 2843 298 2871 ante
310 2837 391 2873 Christum
403 2837 517 2881 adsignemus,
535 2836 590 2872 seculo
602 2842 637 2871 tolo
649 2836 733 2880 antiquior
747 2835 775 2871 illa
786 2834 857 2880 epistola

127 2901 157 2930 est.
731 2902 733 2904 ·
