1807 3145
417 220 481 254 Enoohi
492 219 539 253 iiber.

406 378 466 418 CAP.
487 377 557 418 LXXX.

175 478 192 526 ti
207 480 230 520 Et
244 479 289 520 dirit
306 481 361 519 mihi:
382 480 483 527 olinoch,
510 480 587 531 adspice
607 479 688 526 librum,
711 481 768 530 quie
789 483 843 520 coelo

119 545 226 592 destillavit,
241 547 319 600 perlege
330 560 357 594 ea,
373 560 421 599 <puae
431 548 450 595 in
460 561 483 587 eo
498 549 568 599 scripta
578 553 627 594 sunt,
643 552 662 587 et
671 547 755 598 intellige
766 547 843 598 singula.

174 624 193 671 2]
209 623 257 665 Turn
277 626 354 677 adspexi
369 628 442 673 omnia,
465 627 545 678 quaein
561 626 688 681 destillatione
703 626 764 681 coeli,
786 630 804 665 et
818 626 845 665 in-

119 692 182 732 tellexi
197 693 271 739 orinia,
296 705 344 745 quae
359 695 429 745 scripta
443 699 507 741 eraut,
532 696 600 735 librum
615 693 697 746 legendo
712 697 768 744 atque
783 693 846 733 oinnia

119 760 137 798 in
153 773 176 799 eo
192 761 270 812 scripta,
286 766 305 800 et
320 764 383 800 omnia
397 773 455 812 opera
468 763 572 808 hominurn,

174 838 193 886 3]
208 839 232 880 nt
246 841 330 881 omnium
339 839 421 880 filiorum
436 843 504 886 carnis,
520 843 552 890 qui
565 843 585 880 in
596 846 652 886 terra,
664 853 726 892 usque
738 839 761 880 ad
772 840 847 879 restitu-

120 904 192 946 tionem
205 906 276 947 mundi,
696 920 698 922 ·

177 985 196 1033 l)
211 987 298 1027 Protinus
316 976 521 1035 laudari‘liominurm
543 988 614 1040 gloriae
634 1000 709 1039 regem,
735 988 767 1039 qui
785 987 810 1027 ita
828 989 847 1028 in

122 1056 218 1092 aeternum
235 1054 321 1095 formauit
334 1060 394 1095 totum
408 1055 472 1094 mundi
488 1054 589 1105 opificium.

177 1128 196 1175 5)
210 1130 233 1169 Et
244 1131 338 1172 celebravi
349 1133 458 1180 Dominum,
472 1139 550 1185 propter
559 1133 666 1174 diuturnam
675 1143 729 1173 suam
739 1131 848 1183 patientiam

124 1202 142 1236 et
156 1197 291 1248 benignitatem
307 1212 351 1251 erga
364 1199 414 1239 filios
429 1201 499 1240 mundi.

178 1276 198 1324 6)
212 1277 254 1317 Hoc
272 1283 358 1329 tempore
377 1280 426 1318 diri:
445 1281 515 1320 Beatus
533 1285 563 1319 est
582 1281 620 1326 vir,
642 1281 674 1331 qui
687 1279 739 1330 juste
759 1290 780 1318 ac
798 1278 848 1317 hene

116 1346 211 1391 moritur,
226 1352 246 1385 et
260 1352 326 1387 eontra
341 1359 397 1398 quem
411 1348 475 1387 nullus
491 1349 591 1387 criminum
606 1349 702 1398 catalogus
717 1347 799 1398 scriptus
815 1350 849 1391 est,

123 1417 142 1452 et
156 1412 205 1464 apud
219 1425 277 1465 quem
290 1406 379 1466 iniquitas
393 1425 433 1456 non
446 1416 544 1467 reperitur.

179 1492 263 1537 tlTum
283 1497 322 1530 tres
340 1494 368 1530 ilii
387 1495 448 1531 sancti
466 1494 607 1543 prehenderunt
620 1506 662 1539 me,
688 1498 706 1531 et
720 1493 739 1530 iu
755 1496 804 1531 terra
820 1502 850 1529 me

124 1558 255 1607 deposuerunt
268 1563 310 1598 ante
325 1559 393 1598 domus
407 1572 461 1599 meae
475 1563 554 1611 portam.

180 1635 200 1682 8)
214 1636 237 1675 Et
252 1636 338 1676 dixerunt
351 1638 407 1676 mihi:
423 1639 494 1689 explica
510 1639 573 1678 omnia
585 1638 708 1683 Mathusalae,
724 1636 764 1675 filio
775 1638 819 1682 tuo,
834 1641 853 1676 et

125 1714 192 1743 omnes
206 1703 278 1743 liberos
292 1708 335 1743 tuos
350 1704 409 1750 doce,
434 1701 503 1744 nullam
524 1718 601 1745 carnem
613 1704 736 1755 justificatum
750 1703 773 1742 iri
788 1714 853 1742 coram

124 1770 218 1816 Domino,
238 1782 281 1808 nam
295 1770 328 1808 llle
344 1775 377 1809 est
388 1766 476 1810 creaton'

180 1848 200 1895 9]
214 1848 250 1888 Per
264 1860 322 1889 unum
338 1862 407 1890 annum
421 1851 551 1903 relinquamus
565 1856 584 1891 te
597 1863 640 1890 cum
653 1851 718 1890 liberis
733 1850 776 1895 tuis,
792 1848 853 1888 donec

126 1916 250 1966 recuperabis
265 1917 322 1955 robur
336 1918 401 1964 tuum,
427 1923 448 1957 ut
462 1917 532 1957 doceas
546 1918 636 1957 tantillam
650 1921 713 1962 tuam,
735 1917 808 1967 hasque
823 1915 854 1955 res

127 1984 199 2023 sorihas
214 1997 285 2036 easque
301 1986 388 2026 omnihus
402 1987 468 2026 liberis
482 1987 519 2027 tuis
534 1987 623 2037 explices.
649 1983 688 2025 Sed
703 1985 789 2035 proximo
805 1995 854 2023 anno

127 2055 146 2088 te
161 2064 171 2089 e
186 2051 249 2089 medio
264 2054 354 2097 arderent,
370 2058 464 2103 etpectus
478 2060 530 2092 tuum
546 2053 709 2097 corroborabitum
724 2062 767 2090 nam
781 2052 854 2090 electus

125 2117 217 2166 justitiam
232 2119 304 2167 aperiet
317 2119 389 2165 electo,
402 2119 465 2168 justus
481 2132 524 2158 curn
536 2120 588 2170 justo
603 2119 707 2164 laetabitur,
723 2118 757 2157 sibi
773 2119 854 2158 invicem

129 2185 291 2239 congratulantem
311 2186 345 2226 sed
359 2194 472 2238 peccatores
487 2200 531 2227 oum
545 2187 677 2238 peecatoribus
692 2187 802 2231 morientur,

172 2263 203 2313 lo)
217 2266 240 2306 Et
254 2267 339 2317 perversi
354 2278 397 2306 cum
412 2267 507 2318 perversis
522 2270 636 2317 merguntur.

172 2343 202 2391 ll)
216 2345 231 2384 li
246 2354 332 2395 quoque,
352 2344 384 2395 qui
396 2344 448 2393 juste
462 2348 529 2395 egunt,
549 2343 654 2382 morientur
668 2345 745 2393 propter
759 2341 857 2380 homiuum

69 2407 71 2412 ’
98 2431 110 2440 -
129 2412 186 2458 loeta,
201 2416 220 2451 et
234 2413 400 2463 congregabuntur
413 2415 490 2463 propter
503 2411 634 2463 improborum
649 2422 711 2461 opere.
853 2408 855 2411 ’

173 2488 205 2536 12)
219 2489 258 2528 illis
273 2489 340 2530 diebus
356 2490 454 2530 desierunt
468 2502 544 2531 mecum
559 2490 649 2541 colloqui.

174 2554 207 2603 13)
221 2556 243 2596 Et
257 2556 304 2596 redii
320 2557 342 2596 ad
356 2570 411 2598 meos
426 2558 505 2602 iratres,
527 2558 630 2596 Dominum
645 2556 758 2604 mundorum
774 2554 856 2593 laudans.

416 2681 476 2720 CAP.
497 2679 575 2721 LXXXl.

190 2771 206 2817 1)
220 2771 273 2817 ianr,
295 2770 320 2809 fili
335 2769 450 2815 Matianum,
475 2770 536 2808 omma
550 2770 586 2808 ista
601 2769 633 2808 tihi
649 2767 692 2808 dico
708 2772 726 2809 et
739 2766 772 2808 tibi
788 2767 857 2808 scribo.

133 2841 175 2878 tihi
191 2840 253 2877 omnia
268 2839 357 2882 revelari,
380 2843 399 2876 et
413 2838 472 2876 libros
487 2837 519 2876 tihi
535 2836 653 2896 desinguiis
669 2835 718 2874 dedi.
