1758 3137
271 180 298 212 lat.
312 180 383 213 Versae
395 180 440 212 llioh.
454 180 542 212 Lrturencr.
747 185 771 220 15

97 297 117 343 5)
139 295 209 344 „(Nam
229 300 248 333 te
267 300 343 345 oportet
363 297 382 334 in
397 297 434 335 hoo
448 301 502 334 tuum
518 306 587 345 eorpus
602 294 674 343 redire)
690 300 710 334 et
725 306 769 345 qno,

44 370 76 412 „ut
89 361 210 407 ascenderis,
226 362 316 407 feeerirn,
331 362 416 408 videbis,
432 363 475 413 quia
490 366 568 412 propter
579 362 617 401 hoo
628 373 671 400 sum
680 362 770 401 missus.“

97 431 119 479 d)
139 431 163 470 Et
177 430 257 470 laetatus
272 441 325 475 surn,
341 429 393 481 quod
407 430 487 469 oorniter
501 441 577 469 meeum
592 433 622 469 est
632 429 744 469 eollooutus.

97 498 119 547 7)
141 489 164 537 Ε)
177 498 249 548 inquit,
270 498 396 543 „Laetatusne
411 510 444 543 es,
463 496 514 548 quod
535 498 616 537 oorniter
633 502 698 552 tecum
713 498 772 536 eollo-

44 573 110 616 „eutus
126 564 196 605 surn?“
225 566 287 615 Atque
302 565 336 610 ait,
360 565 395 611 „Et
408 566 471 611 illurn,
495 566 527 616 qui
541 577 572 605 rne
586 564 706 617 magnificat,
721 564 773 606 vide-

44 638 95 683 ‚,bis,
110 639 131 673 11)
145 633 226 673 corniter
239 634 325 683 ¹miteque
340 633 461 684 colloquetur
475 639 544 673 ieeurn.

98 702 119 750 S)
141 701 176 746 „Et
189 704 263 749 patrem
278 700 331 748 ejus,
352 701 385 749 qui
398 700 515 751 magnificat,
535 701 618 745 videbis3
637 712 681 739 narn
696 701 720 738 ob
734 701 772 738 hoo

45 770 128 816 „missus
143 780 186 806 sum
200 780 210 805 e
225 767 306 817 septimo
322 767 388 813 coelo,
402 772 423 806 11)
432 768 561 807 illuminarent
569 772 588 807 te
599 767 623 807 de
633 767 663 806 his
673 768 773 819 singulis.“

100 835 122 885 9)
142 835 166 875 Ε)
180 834 301 874 ascendimus
316 835 336 875 in
350 834 498 881 firnrarnenturn,
517 847 553 887 ego
569 840 588 875 et
600 835 644 882 ille,
664 840 683 875 et
696 835 722 874 ihi
735 834 775 876 ridi
796 836 798 843 '

45 905 154 944 Sarnaelem
167 908 321 955 potestatesque3
336 909 355 944 et
368 905 403 944 init
416 917 484 956 magna
499 905 568 944 caedes
583 917 617 955 per
632 915 686 949 eunr,
704 915 774 954 resque

46 973 135 1015 Satanae,
151 977 170 1010 et
185 964 232 1019 alius
248 984 292 1010 ourn
306 973 490 1021 alioyeontendehat.
531 1022 533 1026 Α

99 1040 134 1087 10)
153 1038 177 1078 Ε)
190 1042 288 1089 utsupra,
302 1040 329 1078 ita
337 1040 358 1078 in
366 1045 427 1086 terra,
443 1041 533 1090 quoidam
542 1040 646 1079 similitudo
657 1039 705 1088 ejus,
721 1039 775 1089 quod

46 1105 111 1145 estin
125 1104 255 1152 firmamento,
270 1106 301 1144 hio
315 1107 400 1146 interra
415 1113 450 1147 est.
503 1156 505 1161 k
707 1152 708 1156 Ἰ

93 1168 136 1222 ’11)
155 1174 179 1214 Ε)
192 1173 269 1225 inquarn
284 1174 363 1226 angelo:
387 1173 455 1223 „Quae
470 1180 500 1215 est
513 1176 561 1216 haee
576 1174 706 1215 eontentio?“

102 1242 136 1289 12)
158 1242 182 1281 Ε)
195 1242 242 1280 rnihi
255 1243 325 1293 inquit3
345 1243 387 1289 „lta
398 1244 434 1282 fnit
448 1244 470 1283 ab
486 1245 532 1283 orbe
545 1244 623 1283 condito
633 1254 695 1293 usque
706 1242 730 1282 ad
738 1243 775 1281 hoe

46 1313 146 1356 „tornpus,
162 1309 243 1345 ethaeo
258 1309 328 1346 oaedes
343 1311 388 1354 erit,
404 1310 467 1348 donee
480 1312 544 1349 veniet
558 1312 601 1355 ille,
620 1323 678 1359 quern
691 1315 710 1347 tu
725 1309 777 1348 vide-

47 1375 99 1419 „bis‚
119 1379 137 1413 et
151 1380 191 1414 turn
206 1387 227 1413 ea
243 1363 380 1425 extirrguetui.“

104 1441 136 1489 13)
158 1442 183 1481 Ε)
194 1446 262 1491 postea
276 1441 330 1487 feeit,
349 1446 370 1480 ut
389 1441 514 1481 ascenderem
533 1453 589 1492 supra
603 1440 743 1480 firmamentum
756 1439 777 1476 in

47 1509 127 1547 eoelum.

102 1576 137 1623 14)
159 1576 187 1614 lbi
206 1576 244 1615 vidi
264 1577 353 1615 tlrronurn
373 1577 392 1614 in
412 1576 485 1620 medio,
506 1581 525 1614 et
539 1589 549 1615 a
564 1576 629 1615 dextra
644 1580 663 1613 et
676 1586 687 1613 a
702 1575 794 1625 sinistra¹

47 1643 124 1682 inerunt
138 1643 205 1695 angeli.

103 1710 138 1758 15)
160 1711 183 1750 Ε)
196 1710 260 1749 ruallus
274 1710 309 1749 luit
322 1711 382 1751 instar
397 1711 519 1763 angelorum,
541 1712 573 1762 qui
592 1723 603 1751 a
618 1711 684 1750 dextra
698 1709 778 1755 stabant,

48 1775 82 1816 sed
98 1777 133 1825 iis,
155 1777 187 1830 qui
202 1788 212 1817 a
227 1777 390 1826 denudabant,
410 1779 491 1819 inaxirna
504 1778 539 1819 fnit
551 1767 617 1831 ‘gloria
646 1779 670 1820 Ε)
684 1789 751 1818 omnes
764 1778 779 1818 ii

48 1845 181 1886 collaudabant
195 1858 232 1885 una
246 1858 305 1891 vooe3
320 1850 339 1885 et
352 1847 432 1892 thronus
445 1848 481 1886 fuit
493 1849 513 1885 in
528 1847 603 1892 rnedio,
619 1852 638 1886 et
651 1846 704 1885 idem
718 1845 778 1885 laudi-

48 1911 83 1951 bus
99 1913 209 1954 efferebant.
238 1914 301 1964 Atque
315 1914 353 1958 illi,
374 1916 407 1965 qui
420 1916 497 1954 fuerunt
511 1927 521 1954 a
536 1915 624 1960 sinistra,
647 1907 779 1953 ooliaudabant
797 1914 799 1916 ’

47 1984 92 2026 post
111 1992 154 2023 eos;
173 1979 208 2016 sed
227 1992 263 2017 vox
281 1980 358 2016 illorum
372 1982 472 2025 nonfuit,
490 1986 548 2030 prout
561 1994 597 2020 vox
610 1981 700 2024 illorum,
722 1981 780 2030 quia

51 2043 121 2091 dextra,
137 2056 174 2085 nee
188 2044 265 2084 illorum
280 2045 381 2096 splendor7
399 2051 456 2098 prout
469 2046 560 2099 splendor
574 2047 660 2087 alioruin.

105 2114 140 2163 16)
161 2114 184 2153 Ε)
197 2114 313 2165 interrogavi
327 2115 426 2166 angelum,
443 2116 474 2167 qui
489 2129 519 2156 rue
533 2116 624 2162 ducebat,
640 2115 717 2160 dicens,
728 2110 786 2167 tciri

50 2179 98 2219 haee
113 2179 228 2221 collaudatio
243 2180 373 2225 adscribitur?
383 2186 392 2203 “

107 2249 141 2296 17)
161 2248 185 2287 Et
205 2249 251 2285 rnilri
271 2249 342 2298 ioquin
369 2249 459 2294 „Gloriae
478 2252 553 2300 septimi
574 2251 633 2296 coeli,
654 2243 690 2295 illi,
711 2251 743 2300 qui
762 2252 782 2289 in

52 2317 132 2358 ⁷‚saneto
153 2313 224 2352 mundo
244 2314 346 2361 obcaecat,
369 2320 388 2355 et
407 2316 448 2367 eJ'us
468 2316 551 2362 dilecto,
571 2330 586 2356 a
601 2317 723 2368 quo'rnissus
739 2329 782 2355 surn

53 2381 112 2428 „tibi,
127 2382 173 2426 illuc
188 2382 321 2421 adscribuntur
358 2395 361 2400 ·
562 2372 564 2376 Δ

58 2487 60 2489 ,
84 2443 87 2455 ’“
109 2449 143 2498 18)
164 2450 227 2501 Atque
241 2450 309 2489 iteruin
324 2463 355 2490 nre
370 2452 449 2493 elevavit
462 2453 482 2491 in
497 2452 604 2493 seeundum
614 2453 699 2499 eoelum,
715 2457 735 2492 et
744 2453 783 2493 alti-

52 2513 103 2554 tudo
112 2516 170 2567 hujus
186 2517 236 2556 ooeli
249 2518 294 2562 luit,
312 2523 333 2557 ut
347 2531 357 2557 a
371 2524 420 2559 terra
435 2520 459 2559 ad
474 2522 550 2560 eoelum
565 2526 584 2559 et
597 2520 741 2560 firmamentum:
765 2541 766 2545 =

109 2585 144 2633 ro)
163 2585 186 2624 Ε)
201 2585 221 2623 in
235 2585 296 2635 primo
312 2587 367 2625 ooelo
383 2587 447 2627 dextra
461 2589 496 2629 snit
511 2594 530 2628 et
544 2589 630 2635 sinistra,
646 2594 665 2627 et
675 2589 754 2627 thronus
764 2589 784 2627 in

52 2650 126 2687 medio
138 2656 157 2690 et
176 2651 269 2701 splendor
287 2652 409 2702 angelorum,
430 2667 478 2706 quae
499 2657 555 2696 etiam
574 2658 650 2696 fuerunt
663 2656 683 2693 iu
698 2655 784 2694 seeundo

33 2710 35 2712 ’
54 2716 120 2763 coelo,
142 2717 178 2757 sed
195 2718 234 2765 1111,
255 2718 288 2769 qui
308 2718 387 2759 sedebat
407 2733 465 2774 super
483 2723 573 2763 thronum
586 2724 606 2763 in
621 2710 706 2764 seeundo
722 2722 783 2769 coelo,

54 2782 115 2831 major
129 2786 166 2825 luit
181 2786 251 2837 gloria,
267 2798 324 2837 quarn
338 2788 432 2829 omnihus,
479 2822 482 2825 ,
556 2828 557 2831 ,
