1807 3145
131 174 170 213 234
435 161 498 195 Euochi
509 160 556 194 liber.

135 284 216 335 editam,
232 286 277 333 post
291 292 334 320 enm
349 290 415 319 casum
430 278 493 324 orbis,
509 278 593 316 omnium
608 289 671 316 rerum
686 278 807 325 abolitorem,
825 286 859 323 sal.

132 365 174 391 vam
190 363 234 390 esse
248 350 340 402 potuisse.
370 348 390 386 Si
405 348 440 387 isia
460 346 508 395 ratio
530 352 571 393 est,
591 346 717 386 recordentur
736 336 858 399 pronepotem

131 407 190 471 ipsius
214 418 281 458 Enoch
302 418 362 457 luisse
389 415 512 465 superstitem
537 415 647 465 cataclysmi
666 415 717 461 Noli,
740 417 772 467 qui
796 419 869 469 utique·

132 488 239 527 domestico
254 487 332 525 nomine
347 489 366 523 et
379 483 506 522 haereditaria
519 483 621 522 traditione
636 481 721 522 andierat
738 488 757 523 et
770 486 858 531 memine-

132 560 161 595 rat
175 556 198 595 de
212 554 278 605 proavi
293 553 322 591 sui
336 563 395 602 penes
410 550 472 590 Deum
493 551 563 601 gratia,
585 553 605 589 et
624 549 648 589 de
663 549 751 588 omnibus
765 551 859 601 praedica-

131 623 156 661 tis
171 623 226 673 cyna,
242 633 285 659 cum
298 620 365 659 Enoch
379 619 418 657 filio
433 630 469 656 suo
484 618 602 659 Mathusalae
616 618 663 657 nihil
675 617 726 657 aliud
739 617 858 668 mandaverit,

134 702 189 741 quam
203 693 225 727 ut
239 687 325 726 notitiam
340 698 405 725 eorum
424 686 507 736 posteris
523 686 562 725 suis
572 684 660 725 traderet.
683 687 741 738 Igitur
750 687 791 727 sine
804 687 859 728 dubio

131 757 210 807 potuit
223 755 265 793 Noe
279 755 298 792 in
312 754 459 804 praedicationis
474 753 594 804 delegatione
611 756 742 799 successisse,
763 757 793 794 vel
813 760 859 807 quia,

134 830 154 863 et
168 824 213 863 alias
228 837 267 863 non
285 823 384 866 tacuisset,
399 824 437 858 tam
453 820 476 858 de
491 821 527 859 Dei
542 820 682 859 conservatoris
693 821 722 859 sui
732 820 856 872 dispositione

134 906 190 945 quam
212 893 235 932 de
256 894 297 943 ipsa
319 892 386 930 domus
408 901 453 929 suae
473 889 539 940 gloria.
568 888 610 927 Hoc
631 890 646 928 si
666 902 704 929 non
723 894 761 930 tam
776 876 876 942 enpeditev

132 962 221 1005 haberet,
243 959 290 998 illud
312 970 388 1008 quoque
410 957 536 996 assertionem
562 957 666 1006 scripturae
691 957 742 996 illius
767 963 865 1007 tueretury

134 1029 214 1078 perinde
234 1027 295 1077 potuit
314 1025 438 1064 abolefactam
458 1035 500 1062 eam
517 1023 607 1063 violentia
625 1024 734 1074 cataclysmi
756 1027 776 1064 in
795 1029 859 1077 spiritu

130 1106 196 1134 rursus
221 1094 336 1138 reformare,
362 1089 521 1143 quemadmodum
546 1095 565 1130 ct
587 1090 726 1142 hierosolymis
749 1092 860 1144 babylonica

127 1162 272 1214 expugnatione
293 1161 371 1206 deletis,
400 1172 455 1199 omne
475 1161 623 1208 instrumentum
641 1159 732 1199 tartareae
755 1162 860 1202 literaturae

131 1245 166 1282 per
179 1228 259 1270 Esdram
274 1231 349 1266 constat
364 1226 495 1265 restauratum.
525 1224 565 1264 Sed
579 1237 624 1264 oum
637 1226 705 1265 Enoch
719 1226 787 1267 eadem
802 1229 860 1281 scrip-

105 1293 110 1296 *
132 1302 174 1336 tura
189 1295 247 1336 etiam
267 1294 295 1333 de
309 1294 417 1333 Domino
431 1292 557 1343 praedicavit,
574 1293 653 1332 anobis
669 1294 745 1344 quidem
760 1295 807 1333 nihil
823 1308 875 1335 om·-

127 1365 178 1403 nino
193 1362 319 1412 rejiciendum
334 1358 374 1407 est,
391 1362 443 1412 quod
456 1360 588 1412 pertineatad
602 1373 645 1400 noo.
673 1363 696 1401 Et
710 1363 802 1414 legimus,
823 1376 861 1403 om-

132 1443 175 1469 nem
197 1429 310 1480 scripturam
330 1427 457 1467 aedificationi
477 1428 559 1467 habilem
580 1427 706 1467 divinitus
731 1430 860 1480 inspirari.

131 1500 148 1538 A
165 1497 231 1536 Judais
252 1500 316 1548 potest
332 1495 372 1546 jam
391 1494 451 1535 videri
473 1499 573 1546 propterea
588 1494 669 1545 rejecta,
690 1497 740 1535 sicut
754 1501 773 1536 et
787 1502 861 1537 caetera

131 1565 183 1611 fere,
204 1575 252 1613 quae
267 1565 362 1602 Christum
382 1568 456 1602 sonant.
485 1564 525 1602 Nec
540 1564 606 1613 utique
620 1564 751 1610 mirumhoc,
773 1566 790 1603 si
805 1566 861 1615 scrip-

131 1638 183 1671 turas
204 1631 276 1683 aliquas
298 1643 337 1670 non
356 1634 472 1681 receperunt
491 1629 514 1669 de
534 1643 557 1670 eo
577 1630 662 1676 locutas,
688 1643 744 1682 quem
764 1635 783 1671 et
800 1631 862 1683 ipsum

75 1711 78 1717 ·
132 1711 197 1739 coram
212 1698 323 1749 loquentem
337 1710 376 1737 non
391 1702 446 1738 erant
460 1697 560 1748 recepturi.
591 1698 620 1737 Eo
635 1698 719 1744 accedit,
735 1699 787 1750 quod
796 1699 862 1740 Enoch

133 1767 183 1817 apud
196 1765 264 1805 ludam
279 1765 392 1816 Apostolum
406 1765 537 1805 testimonium
551 1763 675 1818 possidet.“1

187 1832 214 1872 Ex
229 1830 266 1870 hoc
281 1830 325 1870 loco
341 1830 458 1876 Tertulliani,
475 1832 506 1881 qui
521 1831 556 1870 sub
572 1832 652 1872 secundi
668 1833 728 1872 seculi
742 1833 800 1873 finem
813 1834 861 1879 uiuit,

132 1901 200 1946 elucet,
215 1900 275 1949 ipsius
291 1904 352 1956 aetate
366 1900 436 1939 librum
450 1900 523 1939 Enochi
538 1912 576 1940 non
592 1900 619 1940 ah
640 1901 755 1941 omnibus
770 1900 863 1950 rejectum

132 1972 229 2016 esse,·ut
251 1966 373 2006 subditicium
395 1971 414 2006 et
433 1979 471 2005 non
494 1967 606 2018 inspiratum
625 1979 684 2019 opus,
709 1969 796 2020 quamvis
822 1981 860 2008 non

133 2032 231 2086 receptum
241 2046 314 2073 canone
328 2034 414 2072 lrrdaico.
440 2034 479 2072 Sed
493 2047 532 2072 non
548 2035 580 2073 diu
593 2040 638 2085 post
651 2037 702 2075 tertii
714 2037 775 2074 seculi
789 2036 863 2075 initium

134 2103 227 2155 Origenes
247 2100 322 2140 disticte
341 2100 430 2145 affirmat,
452 2112 496 2140 eum
515 2112 554 2140 non
572 2101 649 2150 probari
670 2102 771 2142 ecclesiae.
790 2093 864 2143 Revera

132 2170 205 2208 nullum
223 2169 324 2218 vestigium
347 2168 445 2214 invenies,
471 2179 508 2218 quo
529 2168 678 2214 demonstretur,
698 2159 735 2208 hoe
758 2182 805 2221 opus
831 2183 865 2209 un·r

134 2248 190 2288 quam
218 2235 315 2274 canonicis
340 2234 450 2286 Scripturae
477 2235 530 2276 libris
559 2236 701 2277 adnumeratum
730 2250 774 2278 esse
803 2244 863 2279 auto

133 2304 210 2344 ludaeis
226 2308 258 2343 aut
272 2316 282 2342 a
297 2303 415 2343 Christianis.
445 2304 491 2344 Cum
508 2304 620 2344 Tertulliani
639 2306 766 2357 argumentis,
786 2306 864 2358 inspira-

133 2372 205 2411 tionem
224 2376 244 2410 et
262 2370 377 2410 authentiam
391 2369 433 2420 ejus
447 2370 582 2426 probantibus,
602 2373 646 2410 mihi
662 2385 746 2411 resnou
765 2378 806 2418 est,
825 2371 864 2411 sed

135 2450 174 2476 non
188 2449 268 2487 possum
282 2450 321 2476 non
335 2437 398 2482 fateri,
413 2436 437 2476 iis
453 2449 463 2476 a
477 2441 587 2489 nostrorum
608 2438 717 2478 criticorum
736 2436 826 2490 gravitate
840 2451 864 2478 ne

134 2505 240 2545 minimum·
258 2505 334 2555 quidem
358 2505 450 2556 ponderis
472 2506 541 2545 tribui·
569 2507 721 2553 Praesumit,
736 2509 819 2548 ,librum
841 2508 863 2547 ab

134 2574 177 2624 ipso
192 2571 271 2612 Enocho
286 2573 377 2621 scriptum
392 2585 447 2618 esse,
466 2578 522 2623 atque
537 2572 581 2612 iude
596 2573 704 2620 concludit,
723 2588 800 2625 posse
821 2586 864 2616 eum

136 2638 237 2681 aNoacho
254 2641 387 2676 conservatum
401 2645 431 2677 ant
446 2639 560 2688 rescriptum
576 2651 628 2685 csse;
646 2641 683 2679 hoc
702 2644 732 2679 est
747 2641 863 2681 concludere

180 2799 196 2841 1)
209 2796 267 2842 Opera.
281 2810 296 2842 p.
311 2799 342 2833 151,
