1807 3145
329 215 354 248 De
364 219 416 249 morte
428 213 483 255 alosis,
733 217 773 257 327
789 221 791 224 ’

44 333 101 374 setius
116 335 146 370 est
160 329 237 371 insuam
252 342 333 385 regnare
348 330 395 373 dum
406 332 473 372 vivam.
503 329 574 382 Sicque
596 343 606 369 a
626 331 686 380 prime
700 332 773 371 mensis

45 399 127 442 Schebet
146 398 170 438 ad
191 403 264 439 sextam
282 397 344 445 Ader,
364 399 429 440 Moses
449 410 505 438 mane
524 403 543 438 et
561 410 642 449 vespere
657 398 680 438 ad
693 389 773 439 losuam

43 471 81 513 ivit,
97 469 153 517 eique
169 469 239 513 omnia,
255 480 304 518 quae
319 468 417 519 discipulis
427 468 512 518 magistri
522 467 591 514 soient,
606 466 668 507 officia
683 468 773 508 exhibuit.

44 531 125 587 Singulis
140 532 207 574 diebus
222 534 285 575 media
299 540 357 575 nocte
372 534 474 587 surgebat,
489 533 513 572 ad
527 538 602 583 portam
611 534 662 573 illius
674 527 771 587 pergebat,

43 603 150 657 operiebat,
171 615 272 644 excussam
290 608 364 644 vestem
382 602 406 643 ad
426 607 491 654 caput,
513 602 590 643 calceos
610 608 672 643 tersos
688 602 711 643 ad
725 604 771 646 lecti

41 676 88 713 latus
108 672 229 718 collocabat,
249 672 336 723 pallium,
357 675 441 718 vestem,
469 670 574 718 sudarium,
597 683 675 712 aureum
693 671 770 724 pileum,

41 750 146 792 gemmeam
161 751 265 786 coronam,
288 738 363 792 singula
384 737 442 778 nitida
461 749 519 778 aureo
539 738 559 777 in
578 739 651 790 pulpito
671 741 770 786 statuebat,

42 808 84 848 dein
99 819 158 858 aquas
172 808 257 849 lavandis
273 820 296 848 ex
310 809 347 847 ritu
361 807 449 847 manibus
461 812 481 847 et
494 818 569 847 auream
579 806 701 859 paropsidem
712 819 772 860 pone·

40 879 75 918 but.
109 876 143 918 vu
162 888 252 918 somnum
274 881 385 919 excusserat
404 875 474 924 lusae,
497 886 541 914 cum
563 873 605 924 ejus
628 875 771 915 tabernaculum

40 942 121 985 illosaioi
135 943 159 982 ad
173 943 233 983 instar
245 945 307 983 ornari
319 949 408 994 coeptum
423 949 458 986 est,
473 944 515 992 ipsc
530 954 609 981 aureum
621 943 681 983 sedile
693 942 771 993 byssina

39 1012 155 1065 pulchraque
170 1017 223 1051 veste
239 1009 352 1055 constravit,
374 1019 489 1060 omnemque
507 1009 612 1060 pretiosam
632 1009 771 1062 supellectilem

39 1081 150 1120 larnulorum
166 1080 258 1120 demere
274 1081 349 1121 curavit.
378 1080 423 1121 utor
437 1079 528 1119 israelitis
542 1078 593 1118 illius
609 1078 691 1120 adeundi
710 1081 771 1121 licen

39 1150 82 1188 liam
97 1148 174 1200 publico
188 1148 292 1199 praeconio
307 1148 363 1193 lecit,
383 1158 465 1197 eumque
479 1148 514 1185 toti
527 1149 598 1198 populo
618 1148 687 1188 ducem
702 1162 712 1189 a
726 1150 769 1189 Deo

38 1215 158 1267 designatum
177 1215 299 1265 praedicavit.
328 1216 369 1254 Hoc
392 1215 455 1254 audito
474 1215 536 1253 timidi
556 1228 623 1256 omnes
644 1229 666 1256 ac
686 1218 769 1271 solliciti,

37 1297 71 1325 vae
85 1284 114 1322 illi
127 1288 202 1329 terrae,
217 1283 339 1335 inquiebant,
359 1282 414 1333 cujus
429 1294 462 1322 rex
474 1282 550 1332 Juvenis
565 1289 604 1330 est;
622 1296 689 1325 verum
708 1283 770 1324 audita

39 1352 62 1392 de
77 1353 195 1392 eoelovor:
216 1353 244 1391 itt
263 1353 359 1397 lsi-aiil,
381 1352 415 1398 ait,
435 1352 541 1402 juvenis
556 1365 656 1405 quoque
672 1357 722 1400 est,
744 1357 776 1412 et

38 1419 76 1469 qni
90 1419 211 1458 lsraelem
232 1424 299 1459 amat.
328 1419 396 1459 Tellus
408 1419 450 1470 ipsa
466 1418 569 1458 dehiscens
588 1431 610 1460 se
625 1432 702 1473 quoque
714 1423 770 1473 juve-

37 1497 81 1525 nem
105 1486 207 1537 aliquando
225 1487 296 1531 tuisse,
321 1486 435 1536 tandemque
456 1487 544 1527 senuisse
565 1488 657 1528 clamavit.
691 1491 769 1530 Interim

38 1552 147 1604 congregati
162 1553 254 1607 Seniores
269 1564 291 1593 ac
306 1554 416 1605 Principes,
435 1551 524 1599 Tribuni,
540 1554 679 1602 Centuriones,
699 1562 718 1597 et
731 1559 770 1599 De-

38 1621 126 1661 curiones
151 1634 219 1662 omnes
237 1621 299 1664 mosis
317 1621 372 1672 jussu
393 1619 495 1668 sederunt,
521 1620 563 1673 ipse
579 1624 674 1673 evigilanti
697 1624 769 1666 Josuae

38 1691 110 1725 vestem
124 1689 216 1737 praebuit.
244 1689 269 1727 Ut
282 1689 338 1733 vidit,
359 1688 469 1739 otpertum,
491 1690 617 1740 protinusque
631 1691 708 1732 indutus
725 1694 768 1735 mo-

38 1754 64 1793 sis
78 1754 139 1805 pedes
154 1753 264 1801 offunditur,
280 1757 403 1805 praeceptor,
418 1754 489 1806 iuquit,
510 1754 550 1793 noli
570 1767 601 1793 me
622 1757 691 1796 acerba
705 1765 768 1800 morte

37 1821 155 1868 interlicere,
178 1822 216 1861 hoc
235 1824 287 1862 onim
305 1823 367 1862 inscio
388 1823 433 1861 mihi
449 1835 459 1862 a
473 1822 515 1862 Deo
535 1823 648 1864 conceditur
661 1826 767 1878 imperium.

37 1888 64 1928 Ne
78 1889 145 1930 timeas
161 1889 198 1936 uu,
215 1891 240 1930 eit
249 1890 327 1936 lutosos,
344 1902 380 1942 qua
389 1902 479 1929 mensura
489 1903 572 1930 mensus>
582 1904 613 1938 es,
629 1893 697 1934 eadem
706 1882 768 1936 reme-

36 1958 66 1995 tiri
80 1958 148 2008 placct.
178 1959 207 1996 Tu
222 1960 267 1996 mibi
282 1960 332 1998 laeto
347 1959 399 1998 vultu
413 1959 529 2009 obsequium
541 1959 652 2007 exhibuisti,
668 1973 719 2002 nunc
731 1976 767 2015 ego

37 2025 77 2064 tibi.
113 2025 182 2066 Nonne
204 2037 214 2064 a
234 2037 265 2063 me
286 2024 366 2065 edoctus
387 2036 417 2064 es:
444 2023 547 2064 Socium
567 2029 635 2064 tuum
656 2028 726 2068 sicut
744 2034 767 2069 te

36 2094 117 2144 ipsum
131 2093 241 2146 diliges?
261 2093 329 2134 Nonne
344 2094 380 2134 alio
395 2094 439 2132 loco
455 2091 543 2144 discipuli
556 2094 635 2145 gloriam
647 2106 669 2135 ac
683 2102 772 2138 nostram

36 2162 110 2211 aequali
121 2162 166 2200 loco
176 2161 283 2200 habendam
295 2159 375 2200 monui?
389 2160 478 2212 Denique
488 2172 527 2199 non
537 2160 609 2201 destitit
618 2162 691 2209 Moses,
706 2175 767 2217 usque

35 2227 113 2269 losuum
132 2228 212 2269 invitum
230 2229 283 2280 regio
304 2227 341 2266 ritu
359 2228 380 2266 in
399 2227 448 2266 solio
468 2227 582 2274 collocarit,
603 2229 647 2279 ipse
666 2236 718 2269 stans
738 2246 768 2273 re-

35 2295 113 2336 luctanti
128 2308 167 2336 non
181 2294 239 2336 morlo
254 2295 378 2343 ministravit,
399 2294 434 2335 sed
452 2299 471 2335 et
490 2294 562 2347 gloriae
583 2306 632 2346 quae
649 2296 715 2338 auco
731 2298 767 2339 sibi

5 2354 8 2361 ’
36 2364 102 2404 tradite
116 2364 191 2411 habuit,
211 2376 282 2404 cornua
297 2364 400 2405 concessit.
428 2363 504 2404 Etenim
522 2375 546 2403 eo
565 2367 663 2404 momento
678 2364 767 2418 Zinghiel

35 2436 147 2484 praeceptor
162 2432 216 2481 ejus,
232 2432 320 2483 Angelici
335 2431 407 2471 ordinis
422 2431 494 2478 scriba,
515 2431 578 2471 omma
591 2431 640 2484 legis
656 2444 725 2475 arcana
739 2435 767 2474 illi

36 2497 117 2539 obstulit.
145 2486 249 2561 Postqudbi
262 2499 305 2546 rite,
320 2503 341 2539 ut
355 2497 430 2545 decuit,
445 2502 522 2538 ornatus
538 2504 577 2544 est,
592 2500 721 2553 populumque
736 2515 767 2542 ex-

35 2572 121 2617 spectare
135 2568 200 2620 plures
215 2568 327 2615 retulerunt,
341 2568 408 2610 Moses
419 2567 498 2609 losuam
512 2568 630 2619 praecedere
642 2568 703 2619 jubet,
715 2569 767 2621 quod

34 2634 120 2676 insolens
130 2637 261 2689 spectaculum
272 2638 333 2677 oculis
343 2638 441 2678 Israelitae
452 2637 541 2684 arbitrati,
552 2641 652 2678 steterunt.
679 2637 734 2679 Sedit
746 2639 767 2678 in

35 2702 84 2742 solio
99 2703 167 2743 nolens
178 2705 244 2750 Josue,
258 2704 346 2756 flensque
362 2716 404 2744 cum
414 2704 492 2745 ludaeis
506 2705 577 2756 pariter
590 2703 686 2751 flentibus,
700 2707 767 2747 tacito-

35 2779 70 2819 que
83 2781 152 2810 secum
167 2772 230 2811 animo
246 2783 332 2819 versans,
348 2772 393 2825 quid
406 2776 480 2812 tontum
493 2770 572 2810 honoris
586 2771 614 2811 illi
628 2772 696 2813 llluses
713 2773 766 2813 detu-

34 2835 94 2880 lisset.
124 2839 178 2881 Tune
193 2841 305 2883 tenuissima
320 2842 401 2884 coelitus
415 2854 452 2885 vor
466 2839 560 2888 insonuit,
580 2852 629 2893 quae
643 2840 694 2884 Masi
713 2842 772 2894 quin-
