1758 3137
88 164 114 201 2'2
355 157 437 191 1111111111
449 156 501 191 Isaiae
514 157 556 191 vatis

145 275 177 320 37)
196 275 220 312 Ε1
238 273 275 312 vidi
293 272 373 321 gloriam
386 285 484 322 magnam,
508 276 577 324 apertis
592 276 666 312 animae
680 285 735 313 111111
750 273 818 318 oculis,

90 348 110 383 et
129 354 165 393 ego
186 353 226 380 non
245 339 298 392 p'otni
315 340 368 379 illico
387 340 462 386 videre,
483 352 546 392 neque
564 342 661 393 angelum,
685 343 717 392 qui
738 351 821 385 mecum,

90 421 153 459 neque
174 422 241 448 omnes
267 407 356 459 angelos,
383 420 431 459 qnos
457 409 542 448 videram
568 410 655 448 colentes
681 409 734 447 illum
757 418 822 447 meum

41 485 43 492 '
90 477 198 516 Dominum.

146 545 179 592 38)
200 546 287 584 Attamen
299 544 337 582 vidi
347 543 427 582 Sanctos
438 555 505 595 magna
516 545 533 585 11
547 545 661 595 aspicientes
675 545 727 583 illins
738 544 823 596 gloriam.

147 611 180 660 aa)
199 612 222 653 ut
239 611 332 652 Dominus
351 621 405 651 meus
425 611 449 651 ari
466 623 498 651 me
518 604 682 664 appropinquarit,
704 616 723 652 et
742 609 821 663 angelus

93 680 180 733 Spiritus,
196 686 215 720 et
228 681 299 733 inquit:
315 680 385 726 ‚,Vide,
402 684 423 719 nt
436 679 470 719 tibi
484 681 598 731 permissum
613 682 638 721 sit
652 681 739 732 aspicere
754 680 822 724 Deum,

94 752 126 795 „et
139 752 217 800 propter
230 753 249 789 te
264 748 354 800 angelo,
364 748 395 798 qni
409 752 484 795 tecum,
505 748 568 789 datum
588 753 618 789 est
632 749 709 789 robur.“

149 817 183 866 oo)
201 818 225 858 nt
237 818 281 864 virli,
297 817 348 867 quon
363 817 422 856 coluit
435 819 529 857 Dominus
544 812 611 864 mous,
621 823 640 857 11
654 817 733 868 angelus
742 816 824 866 Spiritus
854 846 857 851 1

95 886 166 930 sancti,
189 892 208 925 11
222 884 375 925 collaudaverunt
393 885 448 924 ambo
464 897 531 943 eornm
545 886 601 925 simul
615 886 683 926 Deum.

150 954 183 1001 41)
201 955 224 994 Et
243 953 342 994 confestim
362 965 429 993 omues
447 954 508 994 saneti
527 952 740 1006 appropinquaverunt,
756 956 775 991 et
793 962 826 989 co-

95 1020 175 1059 luerunt.
819 1019 823 1031 ‘

149 1088 183 1137 41)
202 1089 225 1129 111
234 1101 301 1129 omnes
312 1091 373 1130 sancti
383 1095 403 1130 et
413 1090 475 1143 angeli
486 1091 683 1143 appropinquaverunt
693 1093 713 1129 11
720 1087 824 1127 coluerunt

97 1160 116 1195 11
130 1168 198 1197 omnes
212 1158 273 1210 angeli
289 1158 449 1200 collaudaverunt.
466 1148 468 1150 ’

342 1299 344 1301 v
373 1284 374 1287 ’
409 1282 472 1319 GAP.
492 1281 513 1319 X.

151 1358 173 1405 t)
190 1358 214 1398 Et
231 1359 295 1399 statim
314 1357 375 1398 audivi
395 1370 454 1399 voces
469 1358 668 1410 oollarulationesque,
690 1370 737 1410 quas
753 1358 827 1404 audire,

98 1436 139 1464 ram
152 1425 172 1464 in
187 1426 257 1473 coelis,
272 1436 306 1466 sex
320 1426 387 1472 coelis,
403 1438 450 1478 quas
466 1425 584 1472 audiveram,
599 1426 644 1466 illuc
659 1425 772 1466 ascendens.

154 1492 174 1541 1)
192 1493 216 1533 Et
230 1505 297 1533 omnes
312 1493 336 1532 ad
349 1495 401 1533 illum
421 1495 537 1546 gloriosum,
559 1493 617 1545 cujusv
629 1494 708 1547 gloriam
722 1506 761 1534 non
775 1496 828 1545 potui

100 1562 197 1611 aspicere,
207 1562 283 1601 'missae
298 1566 346 1600 snut.

155 1629 174 1677 3)
193 1630 217 1668 Et
230 1641 267 1681 ego
280 1630 323 1680 ipse
338 1630 438 1669 audiebam
452 1630 613 1678 collandationem
627 1628 669 1678 ejus
684 1634 704 1670 et
717 1628 812 1669 videbam.

155 1694 175 1745 4)
193 1695 219 1735 Et·
237 1695 330 1735 Dominus
354 1696 471 1748 angelusque
499 1696 580 1748 Spiritus
605 1696 702 1743 audiebat,
727 1701 746 1736 et
768 1696 832 1736 omnia

101 1762 182 1804 videbat.

149 1820 176 1869 ’5)
193 1820 217 1861 Et
237 1821 298 1860 omnis
319 1820 444 1867 collaudatio,
465 1833 513 1872 qnae
533 1821 653 1861 emittebatur
673 1833 696 1861 eu
716 1832 750 1860 sex
764 1820 832 1866 coelis,

102 1900 142 1926 non
156 1888 218 1926 solum
233 1889 354 1934 audiebatur,
369 1900 435 1927 verum
450 1889 506 1926 etiarn
522 1888 640 1927 cernebatur.
705 1900 707 1902 ·

118 1978 120 1980 -
157 1954 177 2002 o)
194 1955 218 1994 ut
236 1954 297 1994 audiui
317 1954 416 2005 angelum,
437 1954 469 2005 qni
486 1967 517 1993 mc
533 1946 636 2000 ducebat‚¹
657 1953 763 1995 dicentem:
785 1954 834 2001 „Hic

104 2026 156 2067 „est
172 2022 204 2072 qui
219 2022 273 2062 altior
287 2016 400 2061 altissimis²
418 2021 438 2060 in
453 2021 532 2073 singulis
548 2022 619 2061 sanctis
634 2021 720 2069 mundis,
737 2022 769 2073 qui
783 2022 836 2061 inha-

104 2088 163 2134 „bitat
176 2089 228 2128 etin
243 2088 314 2128 sanctis
328 2093 401 2135 manet,
421 2089 453 2140 qui
467 2089 591 2141 appellandus
612 2094 641 2128 cst
655 2102 666 2128 a
681 2089 751 2142 Spiritu
767 2094 834 2129 sancto

61 2203 66 2207 =
105 2156 174 2199 „Pater
187 2157 284 2196 Domini.“

160 2223 179 2271 7)
198 2224 221 2263 Et
235 2224 297 2263 andivi
311 2224 368 2264 verba
382 2224 463 2262 maxime
477 2225 566 2270 Eraltati,
579 2224 638 2275 patris
653 2225 691 2263 mei
705 2225 793 2270 Domini,
809 2224 836 2262 di-

107 2291 167 2329 centis
181 2304 225 2330 meo
239 2291 322 2330 Domino
337 2291 421 2336 Christo,
437 2292 467 2342 qni
483 2291 606 2342 appellandus
622 2296 652 2329 est
665 2292 732 2329 Jesus:

162 2359 181 2407 S)
200 2360 259 2406 ,ant
275 2359 422 2410 (1111111111-
437 2372 504 2400 omnes
519 2361 596 2406 coelos,
612 2364 632 2399 et
646 2358 753 2399 descendes
768 2359 791 2398 ad
806 2359 837 2398 lir-

47 2454 49 2457 .
109 2431 236 2470 „rnameutum
251 2432 270 2466 et
284 2419 322 2465 111ὅ
341 2427 441 2476 muudum,
462 2439 523 2478 usque
544 2427 568 2466 ad
583 2427 681 2479 angelum,
701 2427 732 2477 qni
747 2427 797 2478 apud
810 2428 838 2470 ina

109 2493 182 2540 ,‚fcros‚
198 2494 232 2535 sed
247 2495 278 2548 qni
292 2494 350 2534 modo
365 2507 404 2535 non
418 2494 442 2535 ad
456 2493 583 2546 perditionem
597 2492 695 2545 projectus
710 2498 744 2533 est.

164 2561 183 2608 9)
202 2563 238 2608 ,,Ε1
252 2557 403 2602 11111111111111114
422 2563 540 2602 similitudini
555 2562 649 2606 omnium,
669 2561 702 2611 qui
721 2561 741 2599 in
756 2562 839 2612 quinque

110 2627 189 2674 „coelis

96 2794 98 2797 Α
155 2746 260 2789 1)11111111,
284 2744 300 2787 2)
313 2747 529 2780 insaneiosauctornundi.
554 2744 574 2792 3)
587 2745 723 2781 istummuudum.
748 2745 767 2787 l)
780 2755 840 2779 secun-
877 2755 878 2758 ’

110 2804 146 2837 rlurn
158 2802 285 2836 similitudinem,
