1807 3145
107 872 224 913 uttHattbr
240 870 370 911 LdllltltNTll
385 870 550 911 Dissertatio
566 872 597 912 DF
612 872 683 913 ttuuo
699 871 796 919 ttNocHt,

356 939 444 982 LA'llNE
458 940 544 982 trust.

140 1053 265 1102 Apocryplrus
274 1052 400 1091 libcrlluochi
411 1053 498 1091 ducentis
509 1054 579 1090 abhinc
589 1054 642 1091 aratris
651 1053 695 1091 viris
708 1053 777 1091 criticis
794 1064 816 1091 ac

86 1120 181 1171 theologis
196 1120 311 1160 uberrimam
327 1120 453 1171 suppeditavit
468 1120 586 1171 disquirendi
605 1132 627 1159 ac
640 1120 748 1170 disputandi
758 1126 817 1160 matc-

87 1188 139 1227 riam.
159 1187 196 1235 Qui
213 1199 269 1237 quum
281 1187 303 1225 ab
317 1187 408 1238 inspirato
418 1188 466 1227 Novi
477 1187 594 1226 Testamenti
605 1188 698 1237 scriptore
709 1183 818 1227 lmemoro-

86 1261 126 1300 tur,
154 1268 177 1294 eo
204 1255 264 1305 magis
279 1254 354 1294 illorum
376 1254 463 1294 accendit
483 1254 581 1300 ardorem,
600 1256 689 1305 quoniam
708 1255 818 1295 thesaurum

86 1334 200 1372 recuperare
221 1321 301 1361 avebant
319 1321 358 1370 jam
383 1320 457 1370 pridem
472 1321 568 1359 amissum.
602 1321 666 1372 Usque
687 1321 710 1359 ad
730 1326 817 1361 octavum

86 1389 139 1429 eninr
151 1389 237 1428 seculum
249 1393 291 1437 post
303 1388 400 1427 Christum
411 1393 475 1427 uatum
488 1389 575 1438 cognitus
590 1395 638 1433 erat3
653 1388 688 1428 sed
700 1402 721 1427 er
737 1402 760 1428 eo
774 1389 818 1427 inde

86 1462 174 1507 tempore
188 1455 264 1506 penitus
281 1454 376 1493 oblivione
391 1453 485 1492 obductus
501 1453 579 1494 videtur.

46 1517 48 1521 ¹
142 1524 275 1574 Fragmentum
296 1525 359 1559 tarneu
379 1519 420 1570 ejus
440 1533 479 1559 nou
499 1521 627 1572 spernendum
643 1522 729 1574 Scaliger
749 1523 820 1563 deterit

86 1592 105 1629 iu
121 1591 198 1642 Georgii
210 1589 298 1641 ‘Syncelli
314 1589 478 1640 Chronographia,
498 1594 538 1628 tum
552 1592 644 1641 temporis
665 1591 750 1638 nonduin
769 1593 819 1643 tvpis

87 1670 187 1708 cupresso⁷
217 1657 268 1708 quod
293 1658 326 1695 ille
352 1657 453 1708 diligenter
477 1658 592 1708 exscriptum
612 1660 632 1697 in
655 1660 707 1698 uotis
728 1660 820 1697 cluonico

86 1725 163 1764 Eusebii
176 1719 252 1763 ¹canoni
274 1724 341 1763 additis
365 1722 448 1763 edidit.²
477 1725 524 1764 Cum
546 1738 591 1764 vero
612 1726 632 1765 id
657 1727 721 1765 locum
742 1738 752 1765 a
772 1726 821 1765 Juda

30 1815 32 1819 v
88 1798 214 1833 memoratum
235 1803 272 1831 nou
295 1792 410 1837 contineret,
432 1792 451 1830 iu
471 1792 560 1842 ambiguo
584 1793 737 1844 relinquebatur,
758 1798 820 1834 utrum

90 1860 194 1910 Apostolus
211 1860 234 1899 ad
255 1859 306 1898 idem
327 1873 375 1910 opus
397 1861 509 1906 recurrerit,
530 1860 584 1909 cujus
604 1861 712 1912 aGeorgio
728 1861 820 1912 Syncello

88 1927 159 1965 mentio
169 1926 210 1971 tat,
226 1939 249 1965 au
261 1939 313 1964 suam
325 1926 443 1965 llenoobiani
454 1926 538 1966 vaticinii
548 1927 636 1966 notitiam
650 1939 672 1966 er
684 1928 720 1965 alio
737 1926 819 1978 quodam

89 1992 140 2031 tonte
155 1993 245 2032 hauserit.

136 2062 170 2100 'Ex
185 2072 222 2111 quo
235 2061 462 2111 Scaligertragmeutum
476 2062 523 2101 illud
537 2063 618 2108 invenit,
633 2063 692 2103 multa
710 2063 733 2102 de
748 2063 782 2102 bac
799 2073 819 2101 rc

91 2126 161 2177 scripta
171 2133 219 2172 suut,
236 2126 271 2166 sed
284 2128 404 2178 paucissima,
420 2128 437 2166 si
449 2128 526 2166 omuino
541 2129 585 2174 ulla,
602 2142 649 2180 quae
661 2130 742 2180 aliquam
756 2130 820 2169 lucem

91 2192 158 2246 atterre
167 2194 247 2243 possint.
264 2190 400 2242 Copiosissime
407 2194 492 2232 omnium
503 2193 527 2233 de
534 2194 563 2238 iis,
574 2206 623 2244 quae
634 2200 697 2244 patres
705 2195 729 2233 de
737 2196 821 2234 celeber·

91 2261 139 2300 rimo
153 2261 196 2313 ipso
211 2261 259 2300 libro
275 2261 384 2311 apocrypho
401 2260 536 2311 cogitaverint,
551 2265 570 2300 et
584 2272 664 2312 qnorum
673 2261 724 2301 illius
735 2262 823 2301 locorum

91 2329 204 2368 mentiorem
228 2328 319 2373 fecerint,
347 2333 448 2377 antequam
474 2328 568 2379 perditrrm
594 2329 659 2375 iverit,
684 2329 752 2369 deiude
777 2328 823 2381 quid

92 2396 205 2434 recentioris
218 2394 284 2434 aetatis
297 2394 368 2433 criticis
384 2393 407 2432 dc
423 2406 446 2432 eo
461 2395 522 2434 visum
537 2395 571 2440 sit,
586 2396 684 2434 Fabricius
700 2397 789 2435 disseruit
803 2398 823 2434 in

93 2459 162 2501 codice
182 2459 345 2512 pseudepigrapho
360 2461 401 2501 Vct.
418 2459 546 2506 Testamenti,
566 2461 608 2502 Vol.
623 2463 636 2501 l.
651 2476 668 2514 p.
687 2459 823 2508 tto-aal;³

94 2528 126 2579 qui
140 2527 192 2568 idem
208 2537 297 2578 graecum
310 2520 436 2577 fragmentum
451 2539 461 2567 a
480 2526 563 2577 Georgio
578 2527 668 2578 Spucello
684 2534 823 2574 conservatum,

93 2595 161 2635 iterum
175 2595 224 2647 typis
240 2592 323 2632 describi
339 2594 414 2633 ernavir.

140 2758 158 2799 r)
170 2759 206 2792 ua
220 2770 234 2792 v.
249 2759 277 2804 n,
291 2762 316 2798 115.
341 2762 361 2804 a)
374 2773 390 2805 p.
403 2760 442 2794 ror.
455 2761 494 2798 roa.
508 2763 528 2796 aa
540 2746 590 2797 ratila.
604 2763 652 2801 raas.
675 2763 695 2807 a)
708 2775 724 2808 p.
737 2764 774 2800 222.
787 2764 824 2800 223.

96 2814 181 2850 Fabricius
192 2817 253 2858 viginti
266 2823 342 2851 auctores
354 2822 443 2860 tumuerat,
456 2819 484 2862 qui
497 2819 518 2853 de
529 2818 560 2852 hoo
572 2819 613 2853 libro
625 2822 671 2856 varie
684 2821 810 2866 disputaverint.
868 2831 881 2841 ·‘
