1807 3145
123 213 164 259 aba
430 209 468 244 vua
480 203 551 246 merlini.

179 326 294 377 Telgesinus
310 326 345 365 ait:
361 326 445 371 „Rerum
459 325 575 368 moderarer.
585 326 660 379 opimus

123 393 211 433 Fulmina
226 406 261 445 per
276 393 351 444 specics
366 390 441 439 divisit,
457 397 476 433 et
490 392 564 434 addidit
575 395 625 434 ultro

125 463 198 515 Cuique
213 458 221 485 ¹
236 474 280 503 suas
295 461 357 507 vires,
372 463 393 500 ut
406 460 482 513 prosint
496 462 572 514 saepius
588 463 655 516 aegris.

122 530 173 573 Sunt
187 532 258 573 etenim
271 530 334 569 sontes
349 528 439 583 fluviique
454 531 546 584 lacusque
560 544 595 584 per
610 532 686 578 orbem,

122 601 162 647 Qui
176 601 244 641 virtute
259 611 294 638 sua
308 599 371 637 multis
387 603 406 637 ct
420 610 478 650 saepe
493 601 599 641 medentur.

121 666 194 708 Albula
207 675 289 716 uanique
304 674 360 716 rapax
373 665 446 705 Romae
460 666 502 707 iluit
516 679 572 708 amne
586 667 669 714 salubri,

58 770 63 773 t
122 738 185 786 Quem
200 747 267 778 sanare
281 735 344 775 ierunt
358 739 411 774 certo
425 734 552 777 medicamine
566 736 642 778 vulnus.

121 806 188 847 Manat
202 807 223 847 in
237 803 290 845 Italia
304 803 347 843 lons
363 803 420 849 alter,
436 805 467 855 qui
483 805 581 845 Ciceronis

121 874 208 920 Diuitem
221 872 253 911 hic
269 870 340 916 oculos.
352 882 375 910 eu
390 871 441 910 omni
455 872 534 930 uulnere
550 877 608 913 curat.

121 940 226 993 Aethiopes
242 938 298 979 etiarn
313 942 400 990 stagnum
414 939 536 990 perhibentur
549 940 632 986 habero,

122 1010 167 1059 Quo
182 1010 234 1052 uelut
248 1019 271 1048 eu
285 1007 329 1047 oleo
343 1007 403 1048 facies
417 1008 494 1059 pertusa
508 1009 590 1049 nitescit.

120 1078 185 1118 Africa
199 1078 235 1117 lert
249 1076 331 1121 iontem,
348 1076 380 1126 qui
393 1075 451 1128 vulgo
466 1076 525 1116 Zerna
538 1081 627 1123 vocatum
658 1090 659 1093 ¹

119 1145 179 1185 Potus
194 1144 226 1184 dat
239 1153 299 1183 uoces
313 1142 375 1182 subita
390 1143 459 1183 virtute
474 1156 561 1184 caumas.

64 1248 66 1254 ,
120 1198 225 1253 nat‘iacus
240 1212 305 1253 Italiae
318 1211 413 1251 Dictonus
426 1212 490 1253 taedia
503 1213 552 1260 viui;

70 1302 71 1305 =
120 1282 160 1332 Qui
174 1282 198 1322 de
212 1283 266 1322 fonte
282 1281 340 1321 Chios
354 1285 434 1332 potant,
448 1281 572 1333 perhibemur
586 1278 683 1322 haberc.²

119 1351 187 1391 Fertur
200 1351 271 1391 habere
287 1349 336 1388 duos
351 1350 408 1388 tellus
423 1350 502 1390 Baetica
515 1351 589 1395 icntes;

119 1418 156 1460 Hic
170 1415 364 1464 facir'immemores,
379 1429 476 1459 memores
491 1419 537 1459 iacit
550 1419 583 1458 ille
597 1418 692 1457 bibentes.

121 1490 210 1530 Continet
224 1490 266 1541 ipsa
279 1488 342 1528 lacum
356 1493 396 1528 tarn
410 1488 451 1529 dira
465 1493 521 1540 peste
535 1488 635 1534 nocivum,

119 1558 145 1597 Ut
160 1562 240 1610 generet
252 1556 311 1595 iurias
326 1556 435 1606 nimiaeque
450 1555 534 1596 libidinis
549 1561 628 1597 aestum.

119 1626 172 1667 Fons
188 1625 265 1677 Spticus
279 1624 386 1671 Venerem,
401 1624 521 1677 Venerisque
534 1624 612 1676 repellit
627 1635 717 1663 amorem.

121 1695 216 1747 Campana
230 1692 310 1745 regione
324 1691 395 1738 fluunt,
410 1697 431 1732 ut
445 1692 524 1739 dicitur,
541 1705 607 1734 auiues

121 1761 160 1811 Qui
173 1761 246 1802 faciunt
259 1760 336 1800 steriles
350 1760 455 1800 foecundas
469 1760 547 1800 ilurnine
561 1765 618 1812 poto:

119 1830 173 1869 Idem
188 1829 277 1868 dicuntur
290 1821 349 1865 furias
365 1828 441 1866 abolere
455 1829 546 1867 virorum.

119 1896 237 1949 Aethiopum
250 1895 307 1936 tellus
321 1895 359 1935 fert
372 1894 430 1936 rubro
445 1895 523 1936 flumine
537 1896 620 1943 fontem;

120 1964 159 2013 Qui
172 1965 220 2005 bibit
234 1976 258 2004 ex
270 1964 315 2009 illo,
330 1963 450 2014 limphaticus
465 1964 510 2004 inde
524 1964 600 2004 redibit

118 2032 172 2072 Fons
186 2022 258 2073 Lentus
272 2029 314 2069 iieri
328 2041 432 2082 numquam
446 2031 538 2082 permittit
552 2031 646 2071 abortum.

120 2099 170 2140 Sunt
184 2099 222 2139 duo
238 2097 319 2149 Syciliae
334 2099 408 2144 fontes:
422 2099 499 2139 steriles
514 2099 632 2145 faeliciter,

120 2168 174 2222 diter
187 2165 305 2208 foecundam
321 2167 390 2219 geniali
404 2167 449 2219 lege
463 2168 541 2219 puellas.

119 2236 207 2276 Flumina
221 2234 333 2274 Thessaliae
348 2234 386 2274 duo
401 2239 445 2275 sunl
459 2236 533 2276 virtutis
551 2236 639 2287 opimae3

119 2304 161 2356 iloc
176 2309 244 2355 potans
259 2304 351 2354 nigrescit
365 2304 416 2350 oris,
432 2303 532 2344 candescit
546 2304 568 2344 ab
583 2303 630 2349 illu;

119 2373 155 2413 Ast
169 2373 192 2413 ab
207 2377 289 2424 utroque
303 2371 372 2415 bibens
387 2372 459 2414 variato
474 2371 546 2413 vellere
562 2371 621 2424 degit.

120 2440 225 2480 Clitumnus
239 2441 293 2479 lacus
308 2445 349 2487 est,
365 2453 423 2493 quern
438 2441 524 2481 continet
537 2440 627 2480 Umbrica
641 2440 710 2486 tellus3

118 2507 155 2548 llic
170 2507 271 2559 aliquando
285 2507 344 2548 bores
359 2508 418 2549 fertur
431 2508 540 2560 producere
554 2520 646 2561 magnos:

119 2574 179 2626 lnque
193 2573 273 2614 Reatina
287 2573 308 2613 iit
323 2586 415 2625 equorum
430 2575 477 2616 dura
491 2575 561 2627 palude

118 2639 193 2693 Ungula
208 2642 321 2688 confestim
338 2642 383 2682 dum
397 2642 546 2695 progrediuntur
560 2655 634 2683 arenas.

118 2708 243 2760 Asphaltite³
256 2711 300 2751 lacu
314 2710 398 2752 iudaeae
414 2724 495 2764 corpora
509 2712 571 2763 mergi

118 2776 243 2829 Nequaquam
258 2784 351 2829 possunt,
366 2783 442 2833 vegetat
457 2780 503 2819 dum
517 2779 595 2831 spiritus
610 2779 653 2825 iila,

163 2864 181 2907 1)
194 2864 296 2912 Cumque,
312 2876 341 2901 ms.
364 2865 531 2912 muorbaccus,
552 2868 579 2904 vel
599 2868 642 2903 torte
656 2867 723 2910 plures,
744 2865 810 2900 ridetur
826 2865 854 2898 hic

117 2922 193 2967 periisse·
217 2922 235 2965 3)
247 2924 334 2966 afficior.
345 2933 375 2962 ms.
386 2924 472 2965 mendose.
