1807 3145
374 189 436 225 Esdrae
446 189 488 224 liber
499 195 565 234 quartus

289 686 407 724 urrunnun
423 686 534 727 unnsroms
551 690 662 727 anamma.
730 682 731 685 ’

164 782 188 823 m
204 781 241 822 vini
262 781 381 833 septuaginta
402 792 435 819 sex
458 793 529 829 annos,
556 785 601 835 post
622 792 692 821 annum
712 792 722 820 a
742 780 839 820 creatione

111 850 280 901 mundiqniquies
294 848 417 888 millesimum
430 850 544 901 vigesimum
558 850 655 901 quintum,
679 848 710 887 die
725 847 839 887 duodecimo

112 919 164 958 tertii
185 918 265 957 mensis.
305 915 374 963 Quoad
392 917 473 963 Eiram,
498 917 600 957 translatus
619 920 650 956 est
670 919 690 955 et
709 919 799 967 receptus
820 915 840 954 in

111 987 212 1038 regionem
225 985 334 1030 viventium,
350 985 383 1035 qui
394 985 415 1036 ¹ei
423 989 474 1025 sunt
487 985 570 1031 similes;
585 988 604 1025 et
617 984 694 1036 scripsit
706 984 755 1023 haec
770 984 839 1031 omnia,

111 1057 132 1092 ct
145 1055 224 1093 vocatus
243 1055 274 1090 est
295 1055 361 1090 auctor
373 1051 431 1101 legis,
457 1054 477 1089 et
496 1050 633 1101 intelligentiae
647 1037 667 1090 dt
681 1049 796 1101 cognitionis
809 1050 841 1089 nl-

40 1121 43 1124 ’
110 1119 191 1165 tissimi,
211 1119 242 1159 cui
256 1114 281 1159 sit
295 1119 356 1171 gloria
371 1122 390 1159 et
403 1118 488 1170 potentia
501 1119 521 1159 in
536 1122 639 1159 aeternum.

166 1186 277 1227 Absolvitur
294 1186 343 1226 liber
356 1186 428 1237 primus
442 1187 512 1232 limae,
535 1186 609 1226 scribae
622 1186 685 1238 legis:
704 1186 728 1227 Et
742 1184 840 1225 secundus

112 1267 157 1295 eum
170 1255 294 1305 insequetur:
315 1255 385 1305 gratiae
400 1254 429 1299 ei,
449 1255 481 1304 qni
495 1253 640 1304 intelligentiam
655 1252 695 1298 dat,
710 1253 843 1303 persolvantur

110 1322 130 1360 in
145 1321 210 1360 secula
224 1314 340 1366 seculorum,
368 1320 474 1359 Absolutus
494 1324 524 1359 est
543 1318 629 1358 secundo
648 1318 679 1358 die
701 1316 842 1368 [hebdomadis]

112 1387 145 1438 qui
159 1390 189 1426 est
203 1385 244 1424 dies
258 1386 344 1425 decimus
360 1387 451 1444 septimus
465 1386 537 1425 mensis
549 1385 654 1431 Barmahat,
669 1397 718 1424 anno
733 1389 843 1425 sanctorum
855 1373 857 1377 ⁸

111 1453 216 1505 Martyrum
229 1453 332 1492 millesimo
347 1453 505 1505 quinquagesimo
519 1453 587 1505 primo.
616 1453 633 1492 Ο
647 1452 730 1492 Domine
749 1453 842 1493 miserere

111 1519 229 1572 peccatoris,
249 1521 358 1573 scriptoris,
374 1509 398 1562 et
412 1524 521 1562 ceterorum
533 1520 616 1561 filiorum
629 1520 725 1573 baptismi.

445 1589 512 1629 Amen.
