1807 3145
334 205 359 241 De
370 209 423 241 nrcrte
434 206 490 243 Musis.
737 215 777 261 323
833 259 835 265 ,

49 331 67 369 et
84 322 166 365 reddere
185 334 244 365 uoces
263 324 342 371 meruit,
362 323 515 365 misericordiam
534 325 629 375 consequi
647 338 686 366 non
700 327 776 378 poterii,

49 392 193 448 quantomagis
209 392 250 431 aliis
265 392 368 433 difficilem.
384 394 479 433 Obserrat
492 394 513 440 R
528 392 632 439 Joebanao,
647 395 712 435 decies
727 408 777 435 mor-

48 465 71 504 tis
85 460 200 502 vocabulum
217 462 236 501 in
249 461 350 513 ¹Scriptura
364 461 388 502 de
402 460 458 503 Mose
473 464 593 513 usurpatum:
623 465 640 502 l.
655 462 720 505 Ecce
740 475 778 516 ap·

48 529 352 584 propinquaveruntdies
366 532 402 570 tui
417 529 446 569 ad
460 529 622 570 moriendum.
644 535 662 571 2.
676 532 704 572 Et
717 545 777 573 ino-r-

47 605 106 640 tuus
122 599 303 639 estinmonte.
328 601 346 638 3.
363 599 484 646 Quoniam
499 611 544 651 ego
559 598 656 639 morior.
681 604 700 641 4.
714 600 776 643 Novi

45 667 102 719 ,quia
116 671 291 716 postmortem
305 676 387 707 meam.
412 670 434 708 ,5.
448 668 477 707 iit
491 668 576 709 Moses
589 668 664 709 filius
679 674 777 709 eentum

45 736 70 775 et
83 733 177 785 uiginti
192 745 318 782 annorum,
333 745 388 774 cum
401 738 511 775 mortuus
526 738 569 774 est.
592 737 610 774 6.
624 736 652 775 Et
666 740 777 779 mortuus

49 807 87 845 cst
104 802 142 842 ihi
155 802 241 845 Moses
260 814 348 845 servus
362 803 473 849 Domini,
488 808 525 844 etc.
555 803 644 850 Scilicet,
664 803 729 845 decies
744 803 777 843 ele-

48 874 133 913 ereverct
145 871 252 919 Dominus,
273 871 342 913 Mosen
356 871 459 913 iordanem
473 883 512 912 non
526 872 661 917 transiturum,
683 884 720 911 nec
732 884 778 923 pro-

47 939 126 979 missam
140 943 210 978 terrem
224 940 362 990 ingressurum,
377 939 463 979 nondum
478 946 620 986 temeritatum,
635 940 731 991 fixrrnrque
740 941 778 979 hoc

48 1007 155 1048 crediderat
168 1006 246 1064 Moses,
262 1007 325 1047 donec
339 1007 376 1059 ipsi
389 1019 424 1058 per
437 1006 524 1058 Angelos
539 1008 637 1058 cognitum
652 1018 698 1048 esse
712 1007 778 1056 voluit,

49 1076 156 1128 audivitque
170 1076 263 1116 flumen
278 1077 325 1115 hoc
340 1088 388 1115 non
402 1076 536 1123 transibis,
551 1088 588 1117 nec
602 1082 666 1118 temen
681 1075 713 1117 isti
726 1075 778 1118 dieto
826 1076 828 1079 ’

47 1143 104 1184 fidem
119 1143 210 1190 advertis
229 1144 343 1183 meminerat
357 1144 434 1194 saepius
448 1143 543 1184 lsrailitas
556 1144 641 1195 ingentia
656 1146 778 1187 commisisse

46 1215 132 1262 peccota,
151 1223 186 1263 pro
202 1211 271 1263 quihus
286 1222 330 1249 cum
344 1215 424 1256 orasset,
439 1211 514 1252 venium
523 1210 641 1251 obtinuerat.
670 1213 700 1251 An
714 1213 778 1264 igitur,

45 1280 154 1332 inquiebat,
175 1292 206 1319 me
224 1280 321 1319 insontem
339 1291 413 1331 proque
428 1280 516 1330 meipso
531 1279 650 1331 supplicem,
662 1280 725 1322 ,ucis
740 1294 779 1322 non

47 1347 127 1390 audiet?
156 1348 209 1390 liucc
225 1349 322 1401 agitantis,
344 1348 524 1400 contemnentisque
543 1346 627 1388 necdum
642 1349 713 1389 orantis
728 1361 779 1390 mor·

45 1422 87 1455 tem
99 1417 153 1454 Deus
168 1415 259 1460 decrerit,
273 1426 402 1465 magnumque
416 1415 525 1456 divinitalis
540 1426 587 1455 suae
601 1428 673 1457 nomen
688 1418 717 1457 sic
731 1418 774 1459 futu

44 1481 181 1539 rumjurarit,
201 1482 251 1523 siout
265 1481 365 1522 scribitur:
385 1493 435 1521 non
454 1480 530 1521 duces
551 1484 780 1534 congregationem

47 1554 129 1594 istem.
157 1552 230 1600 Moses,
245 1557 267 1593 ut
280 1556 368 1593 statutam
382 1551 419 1590 sibi
433 1555 516 1591 mortem
531 1553 631 1603 cognovit,
643 1551 723 1603 jejuniis
738 1567 780 1606 pre-

49 1622 141 1672 cibusque
155 1620 242 1667 Numinis
256 1632 325 1670 pacem
340 1632 446 1671 exposcere
460 1633 500 1659 non
515 1619 593 1665 destitit,
608 1632 671 1672 usque
686 1621 737 1669 rium,
752 1624 780 1665 uli
842 1631 845 1634 “

48 1687 134 1739 putabat,
155 1688 208 1727 Deus
226 1688 301 1728 irritum
320 1687 419 1728 decretum
437 1697 493 1726 suum
507 1686 606 1726 redderet.
641 1688 706 1739 ltaque
721 1702 779 1731 sacco

48 1757 134 1803 indutus,
156 1768 179 1797 ac
193 1756 259 1796 cinere
274 1767 374 1808 aspersus,
396 1755 460 1795 Deum
470 1755 583 1807 ,quingenis
598 1766 656 1808 supra
671 1758 780 1810 quindecim

50 1825 166 1867 cretionibus
181 1836 283 1877 aggressus
299 1829 338 1871 est,
359 1824 420 1865 donec
440 1836 547 1865 concussus
567 1825 665 1865 coelorum
678 1831 780 1879 terraeque

49 1903 72 1931 ac
86 1892 249 1932 rerumomnium
264 1891 317 1938 ordo,
328 1891 488 1932 uniuersiiinem
503 1892 572 1929 adesse
587 1896 687 1932 metueret.
707 1893 779 1934 Verum

49 1959 87 2000 iilia
104 1961 158 2002 vocis
177 1960 240 2000 inanis
258 1960 315 2001 istius
334 1958 522 2005 metusadmonuit,
543 1971 583 1998 non
602 1959 679 2010 quidem
693 1961 780 2002 ultimum

50 2028 87 2068 boc
100 2030 173 2069 instare
187 2033 315 2084 momentum,
337 2030 357 2074 in
372 2027 414 2078 ejus
434 2032 499 2067 tamen
518 2032 614 2078 potestate
629 2040 730 2069 omnem
748 2031 782 2071 vi-

50 2099 137 2136 rentis
152 2098 260 2136 animam
279 2108 308 2135 ae
323 2096 440 2147 spiritum
454 2095 563 2135 hominis
578 2107 643 2135 esse.
671 2095 734 2137 Homo
748 2098 781 2138 ille

50 2161 118 2203 Moses
129 2167 164 2209 est,
180 2163 309 2203 uthocioco:
323 2168 345 2204 et
359 2162 441 2205 Moses
456 2163 687 2202 hornomansuetus
698 2164 780 2207 raldo:

51 2229 107 2282 igitur
121 2244 156 2283 per
170 2244 237 2272 omnes
252 2230 351 2271 coelorum
365 2234 440 2283 partes,
455 2229 611 2282 Angelorumque
620 2230 703 2270 ordines
718 2231 781 2279 edixit,

50 2310 75 2340 ne
91 2300 315 2352 quisquamncceptam
328 2299 390 2342 iliosis
412 2299 518 2339 orationem
538 2299 620 2338 offerret.
649 2300 735 2351 (Angeli,
751 2301 782 2339 cui

51 2366 174 2416 praeconium
181 2367 266 2407 coeleste
278 2368 491 2413 committitur,.nonrcn
503 2369 533 2404 est
540 2365 641 2412 vdcrnziei)
657 2368 720 2405 statim
735 2379 781 2418 ergo

52 2445 119 2476 omnes
141 2434 216 2474 orbium
236 2434 336 2485 Principes
356 2433 446 2473 'Numinis
463 2419 603 2476 .mandato',ari
619 2433 697 2485 ,olympi
716 2439 782 2486 portas

53 2502 172 2550 concedere,
193 2514 265 2555 easque
280 2502 381 2555 diiigenter
396 2501 497 2548 claudere,
518 2512 556 2553 quo
571 2500 670 2543 Mosaicac
689 2503 782 2543 orationis

53 2582 155 2611 ascensum
168 2570 289 2622 impedirent.
318 2571 367 2612 Turn
383 2583 427 2613 cero
443 2569 509 2610 coelos
523 2571 607 2617 moveri,
625 2574 696 2611 terram
713 2570 783 2616 imisa

52 2637 148 2678 radicibus
171 2638 252 2677 concuti
269 2649 382 2690 omnesque
403 2641 499 2677 creaturas
523 2638 602 2684 terreri,
627 2638 783 2688 quondoquidem

53 2704 115 2747 iliosis
129 2717 198 2759 preces
213 2706 276 2759 gladio
292 2708 356 2747 omnia
370 2705 443 2747 secam
456 2718 514 2757 pares
525 2708 587 2751 erant3
602 2704 673 2746 etenim
685 2705 783 2746 ineffabile

53 2772 89 2813 Dei
102 2786 180 2821 nomen,
195 2774 250 2825 cujus
266 2786 322 2815 usum
336 2775 360 2815 ab
374 2774 465 2826 Zingucle
479 2774 571 2827 magistro
587 2771 690 2820 didicerat,
705 2785 784 2826 usurpa-

49 2839 90 2881 bat.
113 2842 160 2884 ,Hoc
174 2841 266 2884 indicavit
274 2842 370 2885 Ezechiel
390 2843 420 2884 his
434 2842 508 2885 verbis:
526 2842 557 2883 Et
577 2840 679 2882 audiuit
696 2854 784 2884 vocem

603 2907 652 2948 21*
