1807 3145
107 187 145 226 144
375 181 437 218 Esdrac
448 181 490 217 liber
502 185 569 227 qrrartus

105 295 206 340 hierinus¹
225 297 320 350 opinatur,
344 298 434 341 hebraice
458 303 490 339 aut
507 301 572 342 forsan
597 296 757 337 chaldaicorum
780 308 832 336 com-

105 366 194 419 positum,
209 365 278 406 deinde
292 377 361 417 graece
376 371 396 407 et
408 367 495 417 protinus
509 368 567 409 latine
581 365 675 407 redditum
690 378 740 413 esse,
755 364 831 405 dicendi

57 482 60 484 ,
106 447 176 488 genere
186 434 284 475 iudaicam
297 434 382 474 indolem
396 434 494 476 evidenter
502 447 548 487 prae
558 446 579 475 se
589 435 662 475 ferente
671 434 732 474 nixus.
746 434 833 474 Latinam

105 504 215 546 versionem
224 515 247 543 ex
256 514 324 554 graeca
334 507 353 543 et
363 502 439 554 quidem
449 503 473 543 eu
482 504 561 545 verbum
569 502 672 554 prolectam
686 513 737 547 esse,
752 499 833 540 maxime

106 573 179 612 videtur
196 571 305 611 verisimile.
338 571 402 610 Unum
422 571 478 620 hujus
498 574 527 611 rei
546 572 682 609 documentum
701 571 769 609 afferre
788 566 837 606 satis-

107 640 152 686 erit,
178 638 253 678 scilicet
271 637 322 688 quod
341 649 376 679 voi
398 637 492 687 adjectiva
509 640 529 679 in
548 638 676 688 comparative
691 626 750 688 gradu
763 637 835 687 ubique

107 720 156 754 non,
176 709 198 745 ut
211 717 222 745 a
235 704 307 745 Latinis
322 705 384 752 solet,
396 717 443 744 eum
457 706 549 752 ablativo,
571 705 617 751 sed,
632 709 653 744 ut
667 717 677 745 a
691 705 777 759 graecis,
792 715 836 743 cum

107 774 191 827 genitivo
206 773 332 823 conjungitur.
351 774 425 813 Revera
438 774 506 812 tertius
519 772 591 813 Esdrae
602 773 657 819 liber,
673 775 705 826 qui
720 778 750 818 est
763 773 835 824 primus

108 841 228 894 apocryphus
249 840 334 890 anglicae
348 841 453 886 versionis,
476 841 526 881 sicut
545 844 611 891 quarto
625 841 674 880 libro
688 840 793 892 respondet
807 851 837 879 se-

108 910 182 947 cundus
203 907 334 956 apocryphus,
353 907 468 958 *adhucdum
485 908 643 958 inseptuaginta
662 909 747 947 virorum
767 907 837 945 codice

109 963 223 1015 continetur.
251 973 275 1028 Et
294 985 338 1011 curn
352 973 442 1012 Clemens
457 970 610 1014 nerandrinus²
629 974 695 1013 locum
713 975 774 1026 quarti
788 973 837 1025 libri,

109 1055 166 1095 quem
179 1041 276 1082 Esdrae
290 1042 430 1093 prop-hetae
444 1043 519 1088 tribuit,
534 1054 603 1099 graece
617 1043 698 1087 referat,
712 1042 743 1082 viu
757 1040 838 1081 dubitari

109 1113 180 1162 potest,
196 1110 242 1161 quin
252 1108 312 1147 ethic
323 1094 426 1158 Clementis
435 1113 523 1160 tempore
532 1109 619 1159 ejusdem
634 1110 706 1149 codicis
719 1122 764 1161 pars
776 1109 839 1150 luerit.

164 1177 373 1232 Qualicnnqueautem
392 1190 415 1217 eu
429 1176 481 1217 toute
499 1178 556 1218 latina
566 1177 633 1217 'versio
643 1178 719 1217 'hausta
733 1178 769 1224 sit,
792 1176 839 1217 anti-

110 1235 171 1297 quitas
192 1244 233 1294 ejus
253 1243 331 1282 minime
354 1243 441 1295 ambigua
462 1249 496 1283 est.
524 1245 562 1283 Diu
582 1247 625 1282 ante
646 1248 733 1294 quartum
752 1244 840 1283 seculum

108 1312 222 1367 Ambrosius
238 1310 336 1361 complura
345 1322 373 1354 xev
383 1314 411 1353 [ea
424 1315 523 1356 memorat,
538 1310 588 1349 sicut
603 1314 622 1349 et
631 1307 774 1361 Hieronymus³
788 1322 841 1350 rnen-

80 1377 83 1381 ’
102 1379 182 1418 vtionem
202 1377 244 1426 ejus
258 1376 308 1415 facit.
336 1376 373 1416 Hic
393 1388 430 1433 nec
449 1378 510 1428 quarti
529 1389 565 1417 nec
585 1377 635 1417 tertii
655 1378 715 1417 lirrae
735 1377 779 1417 libri
800 1389 841 1427 ver·

109 1446 185 1484 sionem
196 1454 268 1484 novam
278 1444 392 1500 composuit,
408 1444 452 1495 qnia
466 1448 554 1496 neutrum
568 1445 658 1485 hebraice
669 1446 761 1497 scriptum
770 1444 842 1485 invenit

108 1511 192 1562 ideoque
211 1515 313 1560 utrumque
327 1511 457 1561 apocryphum
470 1512 541 1550 habuit.
573 1513 614 1551 llac
625 1514 669 1563 >ipsa
684 1513 708 1552 de
723 1524 780 1552 causa
795 1511 841 1551 anti-

111 1570 166 1628 quior
174 1578 238 1629 versio
248 1576 304 1615 nobis
315 1581 429 1617 conservata
442 1582 477 1622 est,
493 1591 542 1628 quae
556 1579 602 1617 alias
617 1581 659 1618 sine
674 1579 732 1618 dnbio
745 1580 840 1629 periisset.

163 1645 193 1683 De
207 1644 294 1684 arabicae
314 1644 409 1698 versionis
428 1645 538 1695 antiquitate
560 1646 639 1693 omniuo
653 1645 700 1685 nihil
721 1650 841 1696 compertum

109 1710 213 1758 hebernus,
241 1721 305 1762 neque
325 1710 444 1762 aethiopicae
467 1703 560 1763 originem
581 1716 624 1753 ante
646 1717 734 1765 quartum
753 1713 842 1754 seculum

99 1790 182 1829 ponere
195 1788 305 1835 possumus,
319 1777 353 1816 ubi
366 1779 449 1828 primum
459 1779 585 1819 Christianam
598 1780 712 1831 religionem
725 1783 842 1832 acceperunt

110 1846 221 1895 Aethiopes.
253 1843 338 1895 Utraque
361 1845 510 1901 autcmffsicut
529 1850 549 1885 et
566 1843 635 1893 latina,
659 1860 683 1887 ex
701 1848 840 1898 graecoilibro

110 1912 201 1952 translata
215 1923 260 1951 esse
269 1909 355 1958 videtur,
371 1903 486 1951 sed'neutra
501 1924 523 1951 ex
534 1911 604 1952 iisdem
613 1912 688 1965 graecis
700 1913 841 1966 manuscriptis.

111 1980 167 2020 Certe
180 1967 219 2019 tarn
229 1979 348 2040 variaesunt
362 1990 427 2019 aarum
439 1980 541 2027 lectiones,
555 1984 576 2020 ut
591 1982 668 2020 omnino
683 1984 767 2033 nequeat
781 1979 839 2025 credi,

111 2058 134 2086 eu
153 2045 223 2087 eodem
243 2058 276 2087 eas
294 2047 395 2087 translatas
415 2058 459 2086 esse
479 2046 552 2087 Graeco
571 2052 629 2088 textu.
657 2048 723 2096 Latina
742 2052 807 2087 tamen
822 2049 842 2086 et

111 2113 216 2164 aethiopica
232 2114 304 2169 ¹magis
328 2113 365 2151 sibi
387 2113 472 2162 invicem
493 2114 655 2165 appropinquant,
683 2126 740 2165 quam
760 2118 840 2165 utraque

112 2174 203 2220 arabicae.
223 2180 278 2219 Duae
287 2179 331 2233 illae
339 2179 425 2229 plurimis
435 2179 490 2225 locis,
503 2184 566 2219 tamen
576 2193 616 2219 non
626 2181 720 2227 omnibus,
731 2181 841 2220 consentire

111 2246 209 2293 videntur,
233 2246 250 2285 si
270 2256 352 2285 excuses
370 2245 438 2296 exigna
458 2246 551 2296 quaedam
570 2258 592 2286 ac
610 2248 687 2289 fortuita
705 2260 783 2295 eorum,
808 2246 841 2299 qui

156 2442 175 2483 1]
189 2441 264 2483 „Certum
274 2451 339 2485 quoque
351 2443 438 2475 esurituros
448 2443 513 2475 tertium
526 2449 542 2476 ct
554 2449 628 2487 quartum
639 2445 711 2486 hednae,
724 2445 812 2478 secundum
824 2447 840 2475 et

111 2500 176 2534 tertiora
184 2498 317 2532 Maccahaeorum
329 2499 443 2542 hebraice,
461 2496 489 2533 aut
500 2499 555 2533 saltem
567 2500 683 2536 chaldaice
694 2502 840 2545 primunrscriptoa

112 2560 169 2597 luisse,
182 2561 199 2588 et
210 2566 231 2587 ex
241 2555 319 2587 utralibet
328 2556 385 2600 lingua
397 2558 414 2588 in
423 2554 499 2600 graecam
510 2557 601 2592 translatos.
613 2557 683 2592 biarche
695 2560 738 2591 enirn
748 2563 765 2589 ct
776 2556 840 2598 phrasis

111 2613 180 2646 Juvlaica
192 2616 228 2652 cst,
240 2609 292 2651 stylus
299 2620 364 2653 quoquc
373 2616 417 2659 totus
425 2611 501 2652 judaicus
510 2616 544 2651 eal,
561 2616 578 2644 et
590 2609 666 2654 graecam
676 2612 787 2655 eloquentiam
796 2589 840 2645 niblo

112 2668 159 2701 rnodo
172 2666 229 2709 sapit.“
252 2664 383 2700 Exercitationes
391 2666 473 2709 biblicae,
485 2666 514 2714 lib.
526 2665 547 2708 ΙΙ,
559 2677 575 2710 p.
585 2665 624 2702 225.
643 2668 716 2701 Fabricii
728 2666 768 2704 Coa.
781 2668 839 2713 pseud.

111 2726 130 2759 V.
139 2725 156 2758 T.
162 2722 199 2757 vol.
211 2722 238 2756 Ill.
251 2733 266 2765 p.
279 2721 316 2756 189.
339 2722 358 2765 2]
371 2724 407 2760 Lib.
418 2724 446 2758 ΙΙΙ.
457 2717 515 2760 Strorn.
527 2722 556 2764 ’3)
567 2724 585 2756 in
596 2725 701 2767 praelatione
713 2725 733 2759 ad
744 2726 839 2759 caricuicurn

111 2781 173 2814 Errant.
