1807 3145
138 189 177 229 133
439 181 503 216 Enoobi
513 181 561 215 IIbor.

191 297 210 347 ἓ)
222 296 275 338 ¹-I'um
289 297 351 343 Uriel,
373 309 422 337 unns
437 308 460 336 ex
474 297 546 341 sanctis
566 295 649 348 angelis,
671 297 703 348 qui
717 309 793 342 mecum
807 306 864 347 erant,

137 354 245 417 respondit:
268 367 316 405 haee
330 365 385 405 rallis
400 369 430 404 est
450 365 552 404 maledIota
571 363 715 403 meledictarum
729 366 749 403 in
763 369 865 406 aeternum.

136 433 173 474 un
187 433 352 485 congregabuntur
364 443 437 477 omnes,
454 431 486 482 qui
501 431 566 471 oribus
581 430 620 470 suis
635 431 694 471 edunt
704 443 804 472 sermones
814 432 866 474 inde-

137 506 202 542 centes
217 505 284 541 contra
297 501 370 546 Deum,
396 503 415 538 et
433 499 503 539 acerba
517 499 620 551 loquuntur
638 499 661 540 de
681 499 722 550 ejus
737 500 802 552 glorIa.
831 500 866 541 Hic

138 569 309 621 congregabuntur.
337 568 372 614 Hip
388 567 424 607 erit
437 579 504 607 eorum
519 567 639 607 domicilium.

194 636 213 683 3)
227 636 248 674 In
268 627 379 675 novissimis
398 634 465 673 diebus
483 635 551 683 judieii
570 636 677 685 exemplum
698 636 722 676 de
736 637 760 675 iis
775 638 867 675 statuetur

139 704 159 741 in
176 702 250 752 justitia
268 701 333 741 eoram
347 692 429 755 sanctis,
455 701 541 748 domii,
566 703 598 753 qui
617 702 691 742 reniam
706 703 809 754 accipient,
834 714 868 752 per

140 782 207 810 omnes
221 770 307 822 ipsorum
322 770 362 810 dies
376 770 439 809 Deum
452 769 564 815 laudabunt,
583 775 767 821 regemaeternum.

192 837 211 885 4)
226 837 249 878 Et
262 842 348 889 ternpore
360 835 427 887 judicii
447 836 572 878 celebrabunt
584 837 633 876 Eum
647 841 725 888 propter
739 837 867 883 elementiam,

138 916 194 954 quam
213 905 236 943 iis
252 905 352 943 exhibebit.
379 904 429 943 Turn
448 891 522 943 laudavi
536 904 607 949 Deum,
632 904 656 942 ad
670 916 713 943 eum
725 890 834 945 conversus
850 911 871 943 et

138 981 303 1016 commemorans,
324 970 374 1009 sicut
388 981 470 1021 aequum
484 974 537 1015 erat,
558 969 599 1019 ejus
614 969 769 1021 magnitudinem.

427 1083 490 1123 CAP.
510 1082 582 1126 XXVII.

195 1173 213 1219 1)
227 1173 274 1211 Inde
288 1174 377 1222 processi
390 1185 457 1211 uersus
473 1173 571 1217 orientem,
586 1172 611 1210 ad
624 1177 710 1210 montem
720 1174 752 1223 qui
766 1172 841 1210 medius
850 1173 870 1209 in

139 1239 229 1285 deserto,
249 1239 305 1289 cujus
319 1239 396 1278 nonnisi
410 1238 531 1289 superficiem
546 1238 643 1289 conspexi.

194 1305 213 1354 2)
228 1306 300 1346 Tectns
315 1311 355 1347 erat
369 1306 469 1346 arboribus
483 1318 505 1345 ex
516 1310 622 1345 memorato
633 1306 706 1345 semine
718 1307 775 1352 ortis3
789 1311 809 1345 et
823 1317 871 1357 aqua

140 1385 198 1426 snper
212 1385 256 1415 eum
271 1374 376 1415 desiliebat.

195 1440 214 1488 3)
228 1442 274 1482 inde
296 1446 390 1483 cataracta
413 1441 515 1491 apparebat
532 1445 622 1491 tanquam
641 1451 664 1479 ex
683 1437 748 1480 multis
770 1441 870 1480 cataractis

141 1510 247 1560 composita
265 1515 285 1550 et
298 1523 365 1551 versus
385 1509 505 1549 occidentem
524 1513 543 1549 et
561 1521 628 1550 versus
649 1508 748 1549 orientem.
776 1509 798 1548 In
813 1509 870 1548 altera

139 1581 192 1628 parte
206 1582 260 1616 erant
274 1578 363 1624 arbores,
383 1578 403 1615 in
418 1577 477 1615 altera
491 1587 539 1627 aqua
554 1579 573 1614 et
586 1587 624 1614 ros.

422 1700 486 1737 GAP.
507 1698 586 1738 XXVIII.

198 1779 216 1826 1)
231 1778 281 1818 Tum
290 1780 382 1831 'processi
397 1778 421 1818 ad
435 1779 492 1817 aliurn
505 1778 570 1816 lacum
585 1776 668 1823 deserti,
691 1760 759 1817 versus
779 1759 872 1822 orientem

143 1848 165 1888 ab
180 1848 214 1888 illo
228 1853 304 1893 monte,
328 1848 401 1899 [quem]
417 1847 614 1898 appropinquaveram.

196 1914 216 1963 2)
230 1915 258 1955 Ibi
273 1916 363 1966 conspexi
378 1915 450 1955 electas
465 1914 554 1959 arbores,
569 1912 671 1964 praecipue
686 1913 733 1961 [eas
749 1923 798 1963 quae
811 1913 872 1963 prot-

142 1983 194 2030 runt]
209 1987 292 2021 aromata
307 1982 363 2021 dulce
377 1981 488 2033 fragrantia,
512 1972 565 2019 thura
580 1984 599 2018 et
613 1978 709 2030 myrrhas,
731 1978 809 2018 arbores
823 1980 873 2035 inter

116 2038 118 2041 ’
142 2061 164 2089 se
179 2050 271 2100 dispares.
783 2097 784 2101 Ἰ
853 2100 854 2104 ¹

117 2104 118 2107 Ἴ
200 2116 219 2164 3)
233 2118 256 2157 ut
270 2118 289 2155 in
304 2129 338 2162 eo,
355 2128 411 2168 supra
425 2117 464 2162 his,
485 2116 565 2157 elevatio
581 2120 621 2155 erat
635 2115 734 2155 orientaIIs
748 2115 819 2154 montis
835 2126 873 2153 non

142 2186 200 2236 longe
214 2191 292 2225 remota
869 2180 871 2183 ’

436 2250 498 2290 GAP.
518 2247 582 2288 XXIX.

201 2330 217 2378 1)
231 2330 274 2373 Vidi
295 2329 360 2371 etiam
373 2330 431 2370 alium
451 2329 516 2369 Iocurn
535 2340 578 2368 oum
599 2325 679 2369 vallibus
700 2338 800 2379 aquarum.
826 2338 874 2378 quae

143 2410 238 2450 nunquam
252 2398 392 2439 minuebantur.

199 2464 218 2512 2]
234 2465 287 2514 [Ubi]
303 2467 394 2518 conspexi
403 2470 503 2506 venustam
517 2465 611 2511 arborem,
626 2476 674 2515 quae
686 2463 745 2504 odore
761 2475 796 2503 suo
807 2475 875 2515 aequa-

143 2536 176 2574 bat
190 2531 357 2573 Zasakinon.¹

199 2601 218 2649 3)
232 2602 256 2641 ut
277 2612 287 2640 a
306 2599 396 2639 lateribus
417 2600 473 2649 hujus
495 2598 550 2639 valiis
570 2599 663 2649 conspexi
684 2599 792 2639 cinnamum
814 2596 876 2637 suavis

145 2669 216 2708 odoris.
246 2670 308 2720 Super
321 2668 345 2707 iis
359 2668 447 2718 processi
460 2678 528 2707 versus
544 2665 643 2705 orientem.

190 2800 209 2842 I]
223 2811 254 2833 rox
267 2803 360 2843 aethiopica
372 2802 435 2844 ignota.
459 2799 502 2831 Edit.
