1807 3145
128 626 692 723 aumnauroaunmrnr

267 758 557 833 rennuente

44 949 180 1005 Rabbinicum
194 975 248 1015 opus,
263 961 283 1002 id
298 967 328 1003 est
342 962 412 1003 nullius
428 964 556 1011 auctoritatis,
571 963 607 1003 sed
621 966 714 1005 maximae
729 968 776 1007 anti-

45 1033 122 1084 quitatis
137 1034 229 1084 scriptum
244 1032 328 1078 edirnus;
349 1032 417 1073 saltem
436 1033 559 1073 traditionum
577 1038 693 1075 vetustatem
707 1034 776 1084 infitias

45 1113 84 1139 non
97 1100 147 1145 ihitj
166 1101 198 1151 qui
211 1099 314 1140 Michaelis
329 1112 373 1139 enm
388 1100 477 1140 Samaele
492 1101 636 1142 contentionem
650 1102 711 1142 Judae
725 1105 776 1155 Apo-

45 1168 95 1209 stolo
111 1169 208 1221 cognitam
223 1167 313 1209 advertet.
338 1166 413 1208 Edendi
428 1179 485 1207 cansa
499 1168 534 1208 fuit
547 1168 620 1208 indocti
634 1169 719 1210 hominis
732 1183 776 1221 per-

46 1239 123 1284 tinacia,
139 1239 170 1289 qui
180 1237 228 1276 mihi
237 1237 288 1276 hune
303 1235 374 1277 librum
387 1236 478 1285 laudanti,
494 1248 538 1286 anm
553 1237 603 1289 apud
609 1236 693 1294 ludaeos
703 1244 778 1279 exstare

44 1305 125 1356 negavit.
153 1306 244 1346 Liberare
258 1305 316 1346 iidem
334 1317 398 1345 meam
412 1306 474 1353 volui,
496 1311 554 1359 utque
569 1306 646 1357 plenius
660 1319 777 1359 reponerem

44 1373 122 1411 latinam
135 1375 313 1425 interpretationem
327 1374 396 1421 addidi,
412 1375 470 1415 etiam
479 1379 541 1420 notas,
558 1386 604 1427 quas
614 1375 664 1415 inter
673 1374 777 1427 legendnm

45 1437 136 1481 dictavi.¹
163 1442 184 1482 ln
205 1441 242 1481 illis
256 1446 320 1482 tamen
334 1442 409 1494 priseae
424 1440 541 1481 ludaeorum
556 1443 660 1494 sapientiae
674 1454 714 1483 non
728 1443 778 1483 levia

44 1515 167 1550 monumenta
182 1512 322 1562 deprehendes,
339 1524 387 1563 quae
402 1511 429 1557 si,
445 1517 466 1552 nt
481 1508 544 1559 decet,
559 1512 664 1563 acceperis,
680 1516 710 1553 est
725 1511 777 1563 quod

43 1578 78 1618 tibi
92 1573 177 1630 plaudas,
194 1579 223 1619 sin
238 1580 301 1620 minus
315 1591 350 1631 per
364 1592 396 1620 me
410 1580 467 1626 lieet,
483 1585 603 1620 contemnes.
632 1581 675 1620 Non
689 1579 776 1619 insolens

42 1646 100 1696 hnjtrs
115 1648 182 1687 aetatis
197 1647 276 1687 morhus
291 1652 332 1687 ost:
347 1649 438 1687 audacter
451 1649 484 1687 illa
500 1649 653 1694 contemnimus,
669 1656 722 1698 'quae
738 1660 776 1687 non
834 1688 836 1690 ,

42 1715 171 1767 intelligimus.
186 1715 224 1754 ,At
243 1728 278 1754 vos
294 1727 306 1753 0
321 1715 360 1754 seri
374 1718 455 1766 nepotes
475 1714 580 1766 intelligite,
601 1727 632 1756 me
651 1715 671 1754 in
691 1727 714 1755 ea
728 1719 776 1754 tem-

42 1795 88 1834 pora
102 1783 204 1832 incidisse,
226 1784 245 1823 in
265 1784 334 1835 quihus
355 1789 386 1824 ant
405 1784 479 1825 virtutis
494 1795 550 1824 meae
564 1796 603 1824 non
617 1782 730 1824 meminisse
745 1784 777 1822 aut
792 1806 794 1811 «

42 1851 161 1900 poenituisse
176 1852 265 1902 oportuit.

97 1919 194 1960 Aestimat
215 1919 260 1958 hinc
284 1920 342 1959 Drusi
364 1919 429 1960 secula
450 1920 560 1971 posteritas.
589 1919 636 1960 Vale
659 1919 727 1958 laetor.
756 1918 777 1957 Si

42 1983 115 2025 litteras
136 1998 193 2033 amas,
212 1986 265 2025 solas
285 1992 317 2027 ant
332 1988 455 2039 campaneis
472 1976 505 2033 esss
529 1992 548 2027 et
560 1992 689 2027 tamen'anus
704 1984 775 2024 melior

43 2051 78 2092 hac
92 2053 159 2094 turba·
176 2053 251 2094 'lterum
267 2054 321 2108 vale.¹
481 2055 482 2058 ’

45 2164 196 2171 Μή

87 2234 104 2279 1)
116 2236 160 2275 Quas
172 2238 198 2272 hic
211 2240 298 2275 omisimus.
323 2239 366 2275 Edit.
