1807 3145
111 203 153 252 392
249 208 251 215 ‘¹
416 199 454 234 Vita
465 193 539 235 Memini.-

111 317 196 367 Quarum
210 317 271 370 prima
286 317 363 368 quidem
377 317 485 369 meliorque
498 317 594 360 Britannia
608 320 677 369 fertur,
739 307 743 311 „

110 388 201 429 Ubertate
216 397 250 428 sua
264 386 374 439 producens
390 387 464 440 singula
478 386 551 427 rerum:

110 457 156 497 Fert
171 457 242 496 etenim
257 460 343 507 segetes,
359 467 407 507 quae
422 456 487 495 nobile
502 468 571 497 munus
584 457 652 498 ‘odoris
701 471 705 474 ’

109 523 182 563 Usibus
195 523 282 563 humanis
297 524 391 569 tribuunt,
407 524 505 567 reddendo
513 525 554 577 'per
568 537 648 573 aunum,

111 595 172 635 Silvas
189 598 208 631 et
222 594 291 638 saltus,
307 599 326 633 et
340 594 362 633 ah
377 594 407 632 his
423 589 511 632 stillantia
524 594 592 639 melia,

34 655 36 657 ¹
110 662 179 703 Aerios
193 664 280 706 montes,
295 650 372 711 lateque
386 651 466 701 virentia
479 665 543 710 prata,

82 724 85 733 '
110 731 182 771 Fontes
197 734 217 770 et
231 728 311 775 fluvios,
326 729 402 781 pisces,
416 728 551 781 pecudesque,
566 730 665 782 ferasque,

110 798 208 839 Arboreos
222 797 307 843 fruetus,
323 809 420 850 gemmas,
435 797 520 850 pretiosa
534 797 621 844 metalla3

109 867 134 906 Et
149 864 240 915 quioquid
253 869 351 915 praestare
367 864 416 903 solet
428 868 496 904 'natum
511 865 597 904 creatrix.

110 936 212 974 Praeterea
226 932 289 972 tontes
303 931 353 972 unda
367 932 452 973 fervente
468 931 564 986 salubres,

113 1002 167 1052 Quae
181 1003 233 1043 fovet
246 1004 335 1053 aegrotos
351 1004 370 1041 et
383 1000 451 1042 balneo
466 1004 518 1053 grata
532 1001 637 1049 ministrat,

110 1074 136 1111 At
152 1070 214 1110 subito
230 1081 288 1109 sanos
302 1069 364 1119 pellit,
379 1069 471 1121 languore
486 1070 569 1121 repulso.

112 1138 145 1178 Sto
160 1150 183 1177 ac
197 1136 278 1178 blandus
290 1133 298 1156 ¹
312 1148 347 1176 eos
361 1137 476 1188 regordano
490 1142 655 1191 sceptrateneret

112 1204 216 1246 Constituit
229 1217 339 1257 nomenque
353 1206 516 1258 suaeoonsortis
525 1206 613 1251 diaron,
685 1205 687 1207 ’

111 1274 167 1314 Utilis
182 1273 206 1312 ad
219 1273 284 1326 plures
298 1273 361 1313 laticis
376 1273 504 1324 medicamine
518 1274 607 1318 morbos,
683 1288 685 1293 ·

113 1342 147 1381 Set
160 1352 216 1390 mage
230 1341 337 1386 femineos,
352 1346 373 1381 ut
387 1343 464 1391 saepius
478 1341 530 1381 unda
544 1342 650 1392 probarit.“

169 1477 319 1529 „adjacetnuio
334 1476 442 1523 Thenatas,
459 1488 508 1528 quae
522 1477 586 1517 multis
601 1479 658 1519 rebus
674 1478 768 1529 abundat;
892 1475 896 1477 ’

111 1548 209 1588 Moraitaro
224 1550 313 1598 serpente
328 1549 390 1591 caret,
405 1545 493 1596 tollitque
507 1556 604 1599 venenum

113 1618 134 1657 Si
149 1628 183 1657 sua
198 1626 242 1656 cum
257 1615 299 1655 vino
314 1613 371 1653 tellus
387 1613 488 1651 commixta
502 1612 595 1652 bibatur.“

167 1751 279 1801 „Orobades
295 1761 305 1789 a
319 1748 374 1788 nobis
390 1753 477 1789 nostrum
491 1748 649 1805 quoquediridit
665 1762 748 1803 aequor,
782 1797 785 1803 ‚

111 1813 152 1866 Hae
166 1819 176 1844 ²
189 1827 229 1861 tres
243 1825 273 1859 ter
287 1817 349 1858 denae
364 1816 453 1867 sejuncto
468 1817 546 1857 flumine
561 1804 619 1857 dunt:

110 1894 143 1933 uis
158 1890 218 1931 denae
233 1878 306 1928 cultore
322 1889 398 1931 carent,
415 1886 501 1936 aliaeque
516 1886 610 1926 coluntur.
628 1915 630 1918 s

111 1960 182 1999 Ultima
197 1969 245 2010 quae
259 1951 335 1994 Ytilie³
349 1937 420 1992 nomen
435 1953 459 1991 de
474 1953 516 1991 sole
531 1955 604 2004 recepit
695 1943 698 1945 μ

111 2028 192 2079 Propter
207 2023 319 2080 solstitium,
336 2020 387 2072 quod
401 2022 431 2060 sol
446 2022 528 2061 aestivus
543 2021 614 2070 ibidem

110 2097 161 2136 Dum
174 2093 228 2139 facit,
244 2091 311 2133 avertit
324 2089 408 2136 radium,
424 2101 449 2129 ne
463 2089 526 2130 luceat
540 2090 598 2137 ultra,

112 2162 231 2212 Abducitque
247 2159 288 2198 dies
302 2163 323 2198 ut
337 2168 414 2207 semper
427 2162 485 2197 nocte
499 2158 579 2207 perenni
631 2157 633 2161 ’

112 2233 152 2270 Aer
166 2234 208 2281 agat
222 2226 322 2271 tenebras,
337 2225 393 2264 iaciat
407 2237 484 2277 quoque
497 2225 569 2278 frigore
583 2230 663 2277 pontum

113 2299 229 2339 erroreum
242 2296 355 2347 pigrumque
370 2294 436 2340 simul,
452 2294 562 2346 ratibusque
577 2299 686 2346 negatum.“

169 2431 244 2477 ‚insula
258 2434 303 2483 post
316 2434 402 2470 nostram
415 2429 542 2482 praestantior
557 2431 645 2472 omnibus
660 2443 705 2472 esse

112 2503 181 2543 Fertur
195 2500 333 2547 Hibernensis,
348 2499 516 2551 felioivfertilitate.

112 2573 147 2612 Est
160 2572 216 2611 etiarn
230 2570 301 2620 major,
316 2582 353 2610 nro
368 2582 423 2621 apes,
439 2582 482 2609 nec»
491 2581 546 2616 aves,
564 2569 601 2608 nisi
615 2581 670 2610 raras

113 2639 191 2683 Edueit,
206 2638 320 2689 penitusque
334 2641 391 2687 negat
405 2650 497 2687 generare
512 2638 607 2676 colubres.

113 2742 244 2751 ...-.---

157 2799 175 2856 1)
187 2799 238 2835 Forte
252 2798 288 2845 teg.
304 2804 334 2838 sio
350 2799 471 2837 Bladudus.
498 2797 516 2839 2)
533 2799 576 2835 Heo
592 2809 630 2838 mss.
657 2798 675 2845 3)
691 2798 846 2852 Forte·iegendrrrn

113 2858 189 2891 Thule.
706 2868 711 2882 -’
843 2871 844 2874 “
