<?xml version="1.0" encoding="UTF-8"?>
<!DOCTYPE html PUBLIC "-//W3C//DTD XHTML 1.0 Transitional//EN"
    "http://www.w3.org/TR/xhtml1/DTD/xhtml1-transitional.dtd">
<html xmlns="http://www.w3.org/1999/xhtml" xml:lang="en" lang="en">
 <head>
  <title>
</title>
<meta http-equiv="Content-Type" content="text/html;charset=utf-8" />
  <meta name='ocr-system' content='tesseract 3.04.00' />
  <meta name='ocr-capabilities' content='ocr_page ocr_carea ocr_par ocr_line ocrx_word'/>
</head>
<body>
  <div class='ocr_page' id='page_1' title='image "./MN41907ucmf_4_0430.png"; bbox 0 0 1807 3145; ppageno 0'>
   <div class='ocr_carea' id='block_1_1' title="bbox 125 213 549 259">
    <p class='ocr_par' dir='ltr' id='par_1_1' title="bbox 125 213 549 259">
     <span class='ocr_line' id='line_1_1' title="bbox 125 213 549 259; baseline -0.026 -1"><span class='ocrx_word' id='word_1_1' title='bbox 125 219 166 259; x_wconf 71' lang='lat'>³98</span> <span class='ocrx_word' id='word_1_2' title='bbox 426 213 549 250; x_wconf 17' lang='lat' dir='ltr'>urrasueriiru</span> 
     </span>
    </p>
   </div>
   <div class='ocr_carea' id='block_1_2' title="bbox 124 330 752 451">
    <p class='ocr_par' dir='ltr' id='par_1_2' title="bbox 124 330 752 451">
     <span class='ocr_line' id='line_1_2' title="bbox 124 330 752 382; baseline -0.003 -8"><span class='ocrx_word' id='word_1_3' title='bbox 124 332 149 374; x_wconf 78' lang='lat' dir='ltr'>ut</span> <span class='ocrx_word' id='word_1_4' title='bbox 162 332 199 374; x_wconf 89' lang='lat' dir='ltr'>sibi</span> <span class='ocrx_word' id='word_1_5' title='bbox 213 331 297 374; x_wconf 84' lang='lat' dir='ltr'>diverses</span> <span class='ocrx_word' id='word_1_6' title='bbox 312 330 411 372; x_wconf 73' lang='lat' dir='ltr'>sociabant</span> <span class='ocrx_word' id='word_1_7' title='bbox 424 330 610 382; x_wconf 82' lang='lat' dir='ltr'>undiquetnrmns,</span> <span class='ocrx_word' id='word_1_8' title='bbox 641 348 643 372; x_wconf 78' lang='lat' dir='ltr'><strong><em>J</em></strong></span> <span class='ocrx_word' id='word_1_9' title='bbox 685 334 689 338; x_wconf 86' lang='lat'><em>&#39;</em></span> <span class='ocrx_word' id='word_1_10' title='bbox 750 339 752 343; x_wconf 59' lang='lat'><strong><em>⁴</em></strong></span> 
     </span>
     <span class='ocr_line' id='line_1_3' title="bbox 124 399 640 451; baseline -0.004 -11"><span class='ocrx_word' id='word_1_11' title='bbox 124 400 150 440; x_wconf 88' lang='lat' dir='ltr'>Ut</span> <span class='ocrx_word' id='word_1_12' title='bbox 163 403 251 451; x_wconf 87' lang='lat' dir='ltr'>peterent</span> <span class='ocrx_word' id='word_1_13' title='bbox 265 399 328 439; x_wconf 87' lang='lat' dir='ltr'>natale</span> <span class='ocrx_word' id='word_1_14' title='bbox 342 399 415 445; x_wconf 87' lang='lat' dir='ltr'>solnm,</span> <span class='ocrx_word' id='word_1_15' title='bbox 431 402 537 450; x_wconf 72' lang='lat' dir='ltr'>gentesque</span> <span class='ocrx_word' id='word_1_16' title='bbox 547 399 640 450; x_wconf 69' lang='lat' dir='ltr'>fugarent</span> 
     </span>
    </p>
   </div>
   <div class='ocr_carea' id='block_1_3' title="bbox 125 463 830 517">
    <p class='ocr_par' dir='ltr' id='par_1_3' title="bbox 125 463 830 517">
     <span class='ocr_line' id='line_1_4' title="bbox 125 463 830 517; baseline -0.007 -9"><span class='ocrx_word' id='word_1_17' title='bbox 125 463 200 515; x_wconf 64' lang='lat' dir='ltr'>occul</span> <span class='ocrx_word' id='word_1_18' title='bbox 213 472 258 508; x_wconf 86' lang='lat' dir='ltr'>runc</span> <span class='ocrx_word' id='word_1_19' title='bbox 273 465 368 506; x_wconf 78' lang='lat' dir='ltr'>instabant</span> <span class='ocrx_word' id='word_1_20' title='bbox 381 465 460 517; x_wconf 83' lang='lat' dir='ltr'>patriam</span> <span class='ocrx_word' id='word_1_21' title='bbox 474 470 548 506; x_wconf 80' lang='lat' dir='ltr'>vastare</span> <span class='ocrx_word' id='word_1_22' title='bbox 562 469 714 517; x_wconf 76' lang='lat' dir='ltr'>paternam·</span> <span class='ocrx_word' id='word_1_23' title='bbox 788 468 790 472; x_wconf 82' lang='grc'>’</span> <span class='ocrx_word' id='word_1_24' title='bbox 827 466 830 469; x_wconf 67' lang='grc'><em>”</em></span> 
     </span>
    </p>
   </div>
   <div class='ocr_carea' id='block_1_4' title="bbox 99 533 742 1199">
    <p class='ocr_par' dir='ltr' id='par_1_4' title="bbox 123 533 742 654">
     <span class='ocr_line' id='line_1_5' title="bbox 123 533 742 586; baseline -0.006 -11"><span class='ocrx_word' id='word_1_25' title='bbox 123 535 174 586; x_wconf 85' lang='lat' dir='ltr'>Ergo</span> <span class='ocrx_word' id='word_1_26' title='bbox 189 533 260 574; x_wconf 80' lang='lat' dir='ltr'>dedere</span> <span class='ocrx_word' id='word_1_27' title='bbox 275 544 319 573; x_wconf 88' lang='lat' dir='ltr'>suas</span> <span class='ocrx_word' id='word_1_28' title='bbox 333 536 431 584; x_wconf 89' lang='lat' dir='ltr'>ventoque</span> <span class='ocrx_word' id='word_1_29' title='bbox 444 533 625 584; x_wconf 75' lang='lat' dir='ltr'>inariqrrcearinas</span> <span class='ocrx_word' id='word_1_30' title='bbox 666 540 668 543; x_wconf 86' lang='grc'><strong><em>·</em></strong></span> <span class='ocrx_word' id='word_1_31' title='bbox 698 569 699 572; x_wconf 73' lang='grc'>,</span> <span class='ocrx_word' id='word_1_32' title='bbox 740 544 742 546; x_wconf 94' lang='grc'><em>·</em></span> 
     </span>
     <span class='ocr_line' id='line_1_6' title="bbox 124 602 627 654; baseline -0.006 -10"><span class='ocrx_word' id='word_1_33' title='bbox 124 602 261 654; x_wconf 81' lang='lat' dir='ltr'>Praesidinque</span> <span class='ocrx_word' id='word_1_34' title='bbox 275 602 315 642; x_wconf 91' lang='lat' dir='ltr'>suis</span> <span class='ocrx_word' id='word_1_35' title='bbox 330 602 445 644; x_wconf 77' lang='lat' dir='ltr'>concivibus·</span> <span class='ocrx_word' id='word_1_36' title='bbox 456 602 600 654; x_wconf 84' lang='lat' dir='ltr'>applicuerunt:</span> <span class='ocrx_word' id='word_1_37' title='bbox 625 620 627 624; x_wconf 92' lang='lat'>·</span> 
     </span>
    </p>

    <p class='ocr_par' dir='ltr' id='par_1_5' title="bbox 124 669 721 724">
     <span class='ocr_line' id='line_1_7' title="bbox 124 669 721 724; baseline -0.013 -9"><span class='ocrx_word' id='word_1_38' title='bbox 124 674 172 715; x_wconf 91' lang='lat' dir='ltr'>Nam</span> <span class='ocrx_word' id='word_1_39' title='bbox 185 672 319 724; x_wconf 82' lang='lat' dir='ltr'>Vortigernum</span> <span class='ocrx_word' id='word_1_40' title='bbox 332 682 367 722; x_wconf 90' lang='lat' dir='ltr'>per</span> <span class='ocrx_word' id='word_1_41' title='bbox 382 670 480 710; x_wconf 82' lang='lat' dir='ltr'>Gambrioa</span> <span class='ocrx_word' id='word_1_42' title='bbox 494 677 553 722; x_wconf 83' lang='lat' dir='ltr'>regna</span> <span class='ocrx_word' id='word_1_43' title='bbox 566 669 676 721; x_wconf 69' lang='lat' dir='ltr'>fugitum⁴</span> <span class='ocrx_word' id='word_1_44' title='bbox 700 687 703 690; x_wconf 94' lang='lat'>·</span> <span class='ocrx_word' id='word_1_45' title='bbox 720 688 721 691; x_wconf 36' lang='lat'>¹</span> 
     </span>
    </p>

    <p class='ocr_par' dir='ltr' id='par_1_6' title="bbox 99 731 653 791">
     <span class='ocr_line' id='line_1_8' title="bbox 99 731 653 791; baseline -0.013 -9"><span class='ocrx_word' id='word_1_46' title='bbox 99 731 101 734; x_wconf 49' lang='grc'>’</span> <span class='ocrx_word' id='word_1_47' title='bbox 124 742 268 791; x_wconf 82' lang='lat' dir='ltr'>inclusumque,</span> <span class='ocrx_word' id='word_1_48' title='bbox 284 748 318 778; x_wconf 90' lang='lat' dir='ltr'>sua</span> <span class='ocrx_word' id='word_1_49' title='bbox 331 738 402 789; x_wconf 86' lang='lat' dir='ltr'>pariter</span> <span class='ocrx_word' id='word_1_50' title='bbox 416 748 460 776; x_wconf 87' lang='lat' dir='ltr'>curn</span> <span class='ocrx_word' id='word_1_51' title='bbox 474 741 525 776; x_wconf 83' lang='lat' dir='ltr'>turre</span> <span class='ocrx_word' id='word_1_52' title='bbox 541 741 653 776; x_wconf 74' lang='lat' dir='ltr'><strong>cremarunt.</strong></span> 
     </span>
    </p>

    <p class='ocr_par' dir='ltr' id='par_1_7' title="bbox 124 804 631 929">
     <span class='ocr_line' id='line_1_9' title="bbox 124 804 631 857; baseline -0.01 -8"><span class='ocrx_word' id='word_1_53' title='bbox 124 811 185 850; x_wconf 80' lang='lat' dir='ltr'>mres</span> <span class='ocrx_word' id='word_1_54' title='bbox 199 807 245 848; x_wconf 85' lang='lat' dir='ltr'>inde</span> <span class='ocrx_word' id='word_1_55' title='bbox 258 817 306 846; x_wconf 88' lang='lat' dir='ltr'>suos</span> <span class='ocrx_word' id='word_1_56' title='bbox 319 809 394 846; x_wconf 85' lang='lat' dir='ltr'>vertere</span> <span class='ocrx_word' id='word_1_57' title='bbox 408 808 496 844; x_wconf 75' lang='lat' dir='ltr'><strong>recenter</strong></span> <span class='ocrx_word' id='word_1_58' title='bbox 509 805 529 844; x_wconf 83' lang='lat' dir='ltr'>iri</span> <span class='ocrx_word' id='word_1_59' title='bbox 544 804 631 857; x_wconf 72' lang='lat' dir='ltr'>ungros:</span> 
     </span>
     <span class='ocr_line' id='line_1_10' title="bbox 126 872 614 929; baseline -0.012 -11"><span class='ocrx_word' id='word_1_60' title='bbox 126 877 268 929; x_wconf 80' lang='lat' dir='ltr'>Congressique</span> <span class='ocrx_word' id='word_1_61' title='bbox 282 872 339 914; x_wconf 85' lang='lat' dir='ltr'>simul</span> <span class='ocrx_word' id='word_1_62' title='bbox 353 872 455 914; x_wconf 76' lang='lat' dir='ltr'>vincebant</span> <span class='ocrx_word' id='word_1_63' title='bbox 469 873 545 926; x_wconf 86' lang='lat' dir='ltr'>saepius</span> <span class='ocrx_word' id='word_1_64' title='bbox 559 873 614 919; x_wconf 90' lang='lat' dir='ltr'>illos,</span> 
     </span>
    </p>

    <p class='ocr_par' dir='ltr' id='par_1_8' title="bbox 124 941 639 1062">
     <span class='ocr_line' id='line_1_11' title="bbox 124 941 639 986; baseline -0.008 -1"><span class='ocrx_word' id='word_1_65' title='bbox 124 946 148 985; x_wconf 82' lang='lat' dir='ltr'>Et</span> <span class='ocrx_word' id='word_1_66' title='bbox 161 945 204 986; x_wconf 86' lang='lat' dir='ltr'>rice</span> <span class='ocrx_word' id='word_1_67' title='bbox 217 948 326 983; x_wconf 79' lang='lat' dir='ltr'>transversa·</span> <span class='ocrx_word' id='word_1_68' title='bbox 338 941 488 981; x_wconf 77' lang='lat' dir='ltr'>devincebantur</span> <span class='ocrx_word' id='word_1_69' title='bbox 503 941 526 981; x_wconf 91' lang='lat' dir='ltr'>ab</span> <span class='ocrx_word' id='word_1_70' title='bbox 541 941 585 980; x_wconf 85' lang='lat' dir='ltr'>illis.</span> <span class='ocrx_word' id='word_1_71' title='bbox 637 979 639 981; x_wconf 78' lang='grc'>,</span> 
     </span>
     <span class='ocr_line' id='line_1_12' title="bbox 124 1008 612 1062; baseline -0.008 -11"><span class='ocrx_word' id='word_1_72' title='bbox 124 1011 212 1062; x_wconf 88' lang='lat' dir='ltr'>Denique</span> <span class='ocrx_word' id='word_1_73' title='bbox 227 1009 322 1050; x_wconf 88' lang='lat' dir='ltr'>consertis</span> <span class='ocrx_word' id='word_1_74' title='bbox 336 1019 406 1059; x_wconf 84' lang='lat' dir='ltr'>magno</span> <span class='ocrx_word' id='word_1_75' title='bbox 421 1009 523 1049; x_wconf 85' lang='lat' dir='ltr'>conamine</span> <span class='ocrx_word' id='word_1_76' title='bbox 540 1008 612 1048; x_wconf 82' lang='lat' dir='ltr'>dextris</span> 
     </span>
    </p>

    <p class='ocr_par' dir='ltr' id='par_1_9' title="bbox 113 1075 729 1199">
     <span class='ocr_line' id='line_1_13' title="bbox 124 1075 614 1122; baseline -0.01 -2"><span class='ocrx_word' id='word_1_77' title='bbox 124 1080 196 1120; x_wconf 85' lang='lat' dir='ltr'>Instant</span> <span class='ocrx_word' id='word_1_78' title='bbox 210 1082 314 1122; x_wconf 82' lang='lat' dir='ltr'>nostrates,</span> <span class='ocrx_word' id='word_1_79' title='bbox 330 1081 349 1116; x_wconf 88' lang='lat' dir='ltr'>et</span> <span class='ocrx_word' id='word_1_80' title='bbox 361 1075 439 1117; x_wconf 89' lang='lat' dir='ltr'>laedunt</span> <span class='ocrx_word' id='word_1_81' title='bbox 453 1077 523 1117; x_wconf 88' lang='lat' dir='ltr'>acriter</span> <span class='ocrx_word' id='word_1_82' title='bbox 536 1076 614 1122; x_wconf 86' lang='lat' dir='ltr'>hostes,</span> 
     </span>
     <span class='ocr_line' id='line_1_14' title="bbox 113 1133 729 1199; baseline -0.011 -10"><span class='ocrx_word' id='word_1_83' title='bbox 113 1136 277 1199; x_wconf 81' lang='lat' dir='ltr'>llengistumque</span> <span class='ocrx_word' id='word_1_84' title='bbox 290 1147 370 1190; x_wconf 88' lang='lat' dir='ltr'>necant,</span> <span class='ocrx_word' id='word_1_85' title='bbox 385 1143 501 1194; x_wconf 75' lang='lat' dir='ltr'>Christoque</span> <span class='ocrx_word' id='word_1_86' title='bbox 515 1144 593 1185; x_wconf 88' lang='lat' dir='ltr'>volente</span> <span class='ocrx_word' id='word_1_87' title='bbox 607 1133 729 1195; x_wconf 58' lang='lat' dir='ltr'>triumphanti</span> 
     </span>
    </p>
   </div>
   <div class='ocr_carea' id='block_1_5' title="bbox 124 1280 763 2758">
    <p class='ocr_par' dir='ltr' id='par_1_10' title="bbox 124 1280 759 1667">
     <span class='ocr_line' id='line_1_15' title="bbox 182 1280 645 1332; baseline -0.011 -9"><span class='ocrx_word' id='word_1_88' title='bbox 182 1280 301 1331; x_wconf 70' lang='lat' dir='ltr'>„His‘igitur</span> <span class='ocrx_word' id='word_1_89' title='bbox 316 1280 386 1331; x_wconf 80' lang='lat' dir='ltr'>gestis,</span> <span class='ocrx_word' id='word_1_90' title='bbox 402 1281 452 1324; x_wconf 23' lang='lat' dir='ltr'>cleri*</span> <span class='ocrx_word' id='word_1_91' title='bbox 462 1281 565 1332; x_wconf 76' lang='lat' dir='ltr'>populique</span> <span class='ocrx_word' id='word_1_92' title='bbox 580 1281 645 1320; x_wconf 79' lang='lat' dir='ltr'>farore</span> 
     </span>
     <span class='ocr_line' id='line_1_16' title="bbox 126 1347 648 1400; baseline -0.011 -8"><span class='ocrx_word' id='word_1_93' title='bbox 126 1351 229 1392; x_wconf 78' lang='lat' dir='ltr'>Ambrosio</span> <span class='ocrx_word' id='word_1_94' title='bbox 244 1359 363 1400; x_wconf 79' lang='lat' dir='ltr'>regnumque</span> <span class='ocrx_word' id='word_1_95' title='bbox 378 1347 442 1394; x_wconf 86' lang='lat' dir='ltr'>datur,</span> <span class='ocrx_word' id='word_1_96' title='bbox 457 1347 549 1400; x_wconf 83' lang='lat' dir='ltr'>regnique</span> <span class='ocrx_word' id='word_1_97' title='bbox 564 1353 648 1393; x_wconf 79' lang='lat' dir='ltr'>ebrona,</span> 
     </span>
     <span class='ocr_line' id='line_1_17' title="bbox 124 1416 642 1467; baseline 0 -14"><span class='ocrx_word' id='word_1_98' title='bbox 124 1417 230 1454; x_wconf 82' lang='lat' dir='ltr'>Postmodo</span> <span class='ocrx_word' id='word_1_99' title='bbox 242 1423 299 1463; x_wconf 80' lang='lat' dir='ltr'>quum</span> <span class='ocrx_word' id='word_1_100' title='bbox 313 1416 373 1463; x_wconf 82' lang='lat' dir='ltr'>gessit</span> <span class='ocrx_word' id='word_1_101' title='bbox 386 1416 484 1453; x_wconf 84' lang='lat' dir='ltr'>tractando</span> <span class='ocrx_word' id='word_1_102' title='bbox 499 1416 573 1467; x_wconf 83' lang='lat' dir='ltr'>singula</span> <span class='ocrx_word' id='word_1_103' title='bbox 584 1416 642 1465; x_wconf 79' lang='lat' dir='ltr'>juste.</span> 
     </span>
     <span class='ocr_line' id='line_1_18' title="bbox 124 1479 612 1533; baseline -0.004 -11"><span class='ocrx_word' id='word_1_104' title='bbox 124 1480 213 1522; x_wconf 86' lang='lat' dir='ltr'>Emensis</span> <span class='ocrx_word' id='word_1_105' title='bbox 228 1483 291 1520; x_wconf 86' lang='lat' dir='ltr'>autern</span> <span class='ocrx_word' id='word_1_106' title='bbox 304 1491 339 1530; x_wconf 89' lang='lat' dir='ltr'>per</span> <span class='ocrx_word' id='word_1_107' title='bbox 353 1479 413 1520; x_wconf 88' lang='lat' dir='ltr'>lustra</span> <span class='ocrx_word' id='word_1_108' title='bbox 428 1484 519 1533; x_wconf 88' lang='lat' dir='ltr'>quaterna</span> <span class='ocrx_word' id='word_1_109' title='bbox 533 1481 612 1528; x_wconf 88' lang='lat' dir='ltr'>diebus,</span> 
     </span>
     <span class='ocr_line' id='line_1_19' title="bbox 125 1535 759 1598; baseline 0.003 -11"><span class='ocrx_word' id='word_1_110' title='bbox 125 1548 214 1588; x_wconf 83' lang='lat' dir='ltr'>Proditor</span> <span class='ocrx_word' id='word_1_111' title='bbox 228 1559 238 1586; x_wconf 87' lang='lat' dir='ltr'>a</span> <span class='ocrx_word' id='word_1_112' title='bbox 252 1546 338 1591; x_wconf 88' lang='lat' dir='ltr'>medico,</span> <span class='ocrx_word' id='word_1_113' title='bbox 353 1535 472 1598; x_wconf 86' lang='lat' dir='ltr'>moriturque</span> <span class='ocrx_word' id='word_1_114' title='bbox 486 1544 571 1588; x_wconf 83' lang='lat' dir='ltr'>bibendo</span> <span class='ocrx_word' id='word_1_115' title='bbox 586 1545 687 1589; x_wconf 74' lang='lat' dir='ltr'>uenenum.</span> <span class='ocrx_word' id='word_1_116' title='bbox 724 1550 726 1553; x_wconf 77' lang='grc'><strong>’</strong></span> <span class='ocrx_word' id='word_1_117' title='bbox 757 1558 759 1560; x_wconf 73' lang='grc'><strong><em>’</em></strong></span> 
     </span>
     <span class='ocr_line' id='line_1_20' title="bbox 125 1611 602 1667; baseline 0.002 -12"><span class='ocrx_word' id='word_1_118' title='bbox 125 1615 171 1656; x_wconf 82' lang='lat' dir='ltr'>mor</span> <span class='ocrx_word' id='word_1_119' title='bbox 185 1626 285 1667; x_wconf 89' lang='lat' dir='ltr'>germanus</span> <span class='ocrx_word' id='word_1_120' title='bbox 300 1615 318 1654; x_wconf 88' lang='lat' dir='ltr'>ei</span> <span class='ocrx_word' id='word_1_121' title='bbox 333 1611 429 1655; x_wconf 85' lang='lat' dir='ltr'>successit</span> <span class='ocrx_word' id='word_1_122' title='bbox 440 1611 580 1665; x_wconf 66' lang='lat' dir='ltr'>juniorUter,</span> <span class='ocrx_word' id='word_1_123' title='bbox 593 1640 602 1647; x_wconf 65' lang='lat'>=-</span> 
     </span>
    </p>

    <p class='ocr_par' dir='ltr' id='par_1_11' title="bbox 124 1679 621 1735">
     <span class='ocr_line' id='line_1_21' title="bbox 124 1679 621 1735; baseline -0.002 -12"><span class='ocrx_word' id='word_1_124' title='bbox 124 1683 165 1723; x_wconf 88' lang='lat' dir='ltr'>Nec</span> <span class='ocrx_word' id='word_1_125' title='bbox 179 1683 262 1735; x_wconf 90' lang='lat' dir='ltr'>primum</span> <span class='ocrx_word' id='word_1_126' title='bbox 276 1681 338 1732; x_wconf 88' lang='lat' dir='ltr'>potuit</span> <span class='ocrx_word' id='word_1_127' title='bbox 351 1692 432 1732; x_wconf 86' lang='lat' dir='ltr'>regnum</span> <span class='ocrx_word' id='word_1_128' title='bbox 446 1679 489 1721; x_wconf 85' lang='lat' dir='ltr'>oum</span> <span class='ocrx_word' id='word_1_129' title='bbox 504 1679 552 1734; x_wconf 80' lang='lat' dir='ltr'>pace</span> <span class='ocrx_word' id='word_1_130' title='bbox 566 1684 621 1722; x_wconf 62' lang='lat' dir='ltr'>tueri}</span> 
     </span>
    </p>

    <p class='ocr_par' dir='ltr' id='par_1_12' title="bbox 125 1749 635 1937">
     <span class='ocr_line' id='line_1_22' title="bbox 126 1749 635 1803; baseline 0 -12"><span class='ocrx_word' id='word_1_131' title='bbox 126 1750 201 1792; x_wconf 87' lang='lat' dir='ltr'>Perfida</span> <span class='ocrx_word' id='word_1_132' title='bbox 215 1761 262 1803; x_wconf 84' lang='lat' dir='ltr'>gens</span> <span class='ocrx_word' id='word_1_133' title='bbox 277 1750 348 1790; x_wconf 88' lang='lat' dir='ltr'>etenim</span> <span class='ocrx_word' id='word_1_134' title='bbox 362 1749 439 1789; x_wconf 83' lang='lat' dir='ltr'>demum</span> <span class='ocrx_word' id='word_1_135' title='bbox 454 1756 546 1791; x_wconf 75' lang='lat' dir='ltr'>consueta</span> <span class='ocrx_word' id='word_1_136' title='bbox 560 1751 635 1798; x_wconf 84' lang='lat' dir='ltr'>redire,</span> 
     </span>
     <span class='ocr_line' id='line_1_23' title="bbox 125 1817 620 1871; baseline 0.002 -12"><span class='ocrx_word' id='word_1_137' title='bbox 125 1819 216 1865; x_wconf 87' lang='lat' dir='ltr'>Venerat,</span> <span class='ocrx_word' id='word_1_138' title='bbox 232 1822 253 1858; x_wconf 91' lang='lat' dir='ltr'>et</span> <span class='ocrx_word' id='word_1_139' title='bbox 266 1818 323 1858; x_wconf 88' lang='lat' dir='ltr'>solita</span> <span class='ocrx_word' id='word_1_140' title='bbox 336 1818 422 1858; x_wconf 86' lang='lat' dir='ltr'>vastabat</span> <span class='ocrx_word' id='word_1_141' title='bbox 436 1823 505 1858; x_wconf 78' lang='lat' dir='ltr'>cuncta</span> <span class='ocrx_word' id='word_1_142' title='bbox 519 1817 620 1871; x_wconf 83' lang='lat' dir='ltr'>phalange.</span> 
     </span>
     <span class='ocr_line' id='line_1_24' title="bbox 126 1883 602 1937; baseline 0.002 -11"><span class='ocrx_word' id='word_1_143' title='bbox 126 1886 246 1937; x_wconf 83' lang='lat' dir='ltr'>Oppugnnvit</span> <span class='ocrx_word' id='word_1_144' title='bbox 259 1898 302 1926; x_wconf 87' lang='lat' dir='ltr'>earn</span> <span class='ocrx_word' id='word_1_145' title='bbox 316 1887 378 1925; x_wconf 86' lang='lat' dir='ltr'>saevis</span> <span class='ocrx_word' id='word_1_146' title='bbox 393 1883 531 1937; x_wconf 80' lang='lat' dir='ltr'>congressibus</span> <span class='ocrx_word' id='word_1_147' title='bbox 545 1887 602 1933; x_wconf 85' lang='lat' dir='ltr'>Uter,</span> 
     </span>
    </p>

    <p class='ocr_par' dir='ltr' id='par_1_13' title="bbox 124 1948 659 2007">
     <span class='ocr_line' id='line_1_25' title="bbox 124 1948 659 2007; baseline 0.002 -13"><span class='ocrx_word' id='word_1_148' title='bbox 124 1954 148 1994; x_wconf 86' lang='lat' dir='ltr'>Et</span> <span class='ocrx_word' id='word_1_149' title='bbox 161 1954 234 2006; x_wconf 81' lang='lat' dir='ltr'>pepulit</span> <span class='ocrx_word' id='word_1_150' title='bbox 246 1953 316 1994; x_wconf 80' lang='lat' dir='ltr'>victam</span> <span class='ocrx_word' id='word_1_151' title='bbox 329 1957 382 1994; x_wconf 86' lang='lat' dir='ltr'>trans</span> <span class='ocrx_word' id='word_1_152' title='bbox 397 1948 498 2006; x_wconf 70' lang='lat' dir='ltr'>aequora,⁴</span> <span class='ocrx_word' id='word_1_153' title='bbox 508 1955 581 2007; x_wconf 77' lang='lat' dir='ltr'>&#39;remige</span> <span class='ocrx_word' id='word_1_154' title='bbox 597 1964 659 1996; x_wconf 80' lang='lat' dir='ltr'>terso.</span> 
     </span>
    </p>

    <p class='ocr_par' dir='ltr' id='par_1_14' title="bbox 124 2021 581 2076">
     <span class='ocr_line' id='line_1_26' title="bbox 124 2021 581 2076; baseline 0.004 -16"><span class='ocrx_word' id='word_1_155' title='bbox 124 2021 170 2061; x_wconf 83' lang='lat' dir='ltr'>Mor</span> <span class='ocrx_word' id='word_1_156' title='bbox 180 2022 292 2075; x_wconf 51' lang='lat' dir='ltr'>¹reformavit</span> <span class='ocrx_word' id='word_1_157' title='bbox 305 2022 368 2071; x_wconf 84' lang='lat' dir='ltr'>posito</span> <span class='ocrx_word' id='word_1_158' title='bbox 381 2022 487 2076; x_wconf 75' lang='lat' dir='ltr'>‘certamine</span> <span class='ocrx_word' id='word_1_159' title='bbox 501 2025 581 2073; x_wconf 85' lang='lat' dir='ltr'>paoem,</span> 
     </span>
    </p>

    <p class='ocr_par' dir='ltr' id='par_1_15' title="bbox 125 2088 625 2142">
     <span class='ocr_line' id='line_1_27' title="bbox 125 2088 625 2142; baseline 0.002 -12"><span class='ocrx_word' id='word_1_160' title='bbox 125 2089 265 2141; x_wconf 88' lang='lat' dir='ltr'>Progenuitque</span> <span class='ocrx_word' id='word_1_161' title='bbox 280 2088 316 2128; x_wconf 92' lang='lat' dir='ltr'>sibi</span> <span class='ocrx_word' id='word_1_162' title='bbox 330 2092 401 2136; x_wconf 86' lang='lat' dir='ltr'>natum,</span> <span class='ocrx_word' id='word_1_163' title='bbox 417 2090 449 2141; x_wconf 93' lang='lat' dir='ltr'>qui</span> <span class='ocrx_word' id='word_1_164' title='bbox 463 2089 566 2142; x_wconf 88' lang='lat' dir='ltr'>postmodo</span> <span class='ocrx_word' id='word_1_165' title='bbox 580 2091 625 2131; x_wconf 83' lang='lat' dir='ltr'>ralis</span> 
     </span>
    </p>

    <p class='ocr_par' dir='ltr' id='par_1_16' title="bbox 124 2155 672 2345">
     <span class='ocr_line' id='line_1_28' title="bbox 124 2155 643 2208; baseline 0.004 -12"><span class='ocrx_word' id='word_1_166' title='bbox 124 2156 199 2203; x_wconf 80' lang='lat' dir='ltr'>liutitit,</span> <span class='ocrx_word' id='word_1_167' title='bbox 213 2160 234 2197; x_wconf 89' lang='lat' dir='ltr'>ut</span> <span class='ocrx_word' id='word_1_168' title='bbox 247 2156 295 2196; x_wconf 91' lang='lat' dir='ltr'>nulli</span> <span class='ocrx_word' id='word_1_169' title='bbox 308 2155 364 2196; x_wconf 84' lang='lat' dir='ltr'>fieret</span> <span class='ocrx_word' id='word_1_170' title='bbox 376 2156 471 2208; x_wconf 85' lang='lat' dir='ltr'>probitate</span> <span class='ocrx_word' id='word_1_171' title='bbox 486 2157 591 2198; x_wconf 82' lang='lat' dir='ltr'>secundus.</span> <span class='ocrx_word' id='word_1_172' title='bbox 641 2160 643 2162; x_wconf 83' lang='grc'><strong>’</strong></span> 
     </span>
     <span class='ocr_line' id='line_1_29' title="bbox 125 2224 672 2284; baseline -0.002 -19"><span class='ocrx_word' id='word_1_173' title='bbox 125 2227 206 2284; x_wconf 76' lang='lat' dir='ltr'>Arturns</span> <span class='ocrx_word' id='word_1_174' title='bbox 221 2224 258 2265; x_wconf 92' lang='lat' dir='ltr'>sibi</span> <span class='ocrx_word' id='word_1_175' title='bbox 272 2236 342 2264; x_wconf 90' lang='lat' dir='ltr'>nomen</span> <span class='ocrx_word' id='word_1_176' title='bbox 358 2229 407 2270; x_wconf 86' lang='lat' dir='ltr'>erat;</span> <span class='ocrx_word' id='word_1_177' title='bbox 421 2236 540 2278; x_wconf 85' lang='lat' dir='ltr'>regnumque</span> <span class='ocrx_word' id='word_1_178' title='bbox 554 2239 589 2279; x_wconf 88' lang='lat' dir='ltr'>per</span> <span class='ocrx_word' id='word_1_179' title='bbox 604 2239 672 2268; x_wconf 84' lang='lat' dir='ltr'>annos.</span> 
     </span>
     <span class='ocr_line' id='line_1_30' title="bbox 126 2293 637 2345; baseline 0 -10"><span class='ocrx_word' id='word_1_180' title='bbox 126 2295 212 2335; x_wconf 87' lang='lat' dir='ltr'>Obtinuit</span> <span class='ocrx_word' id='word_1_181' title='bbox 225 2293 306 2339; x_wconf 84' lang='lat' dir='ltr'>multos,</span> <span class='ocrx_word' id='word_1_182' title='bbox 321 2297 423 2345; x_wconf 84' lang='lat' dir='ltr'>postquam</span> <span class='ocrx_word' id='word_1_183' title='bbox 437 2299 492 2345; x_wconf 84' lang='lat' dir='ltr'>pater</span> <span class='ocrx_word' id='word_1_184' title='bbox 505 2294 557 2335; x_wconf 89' lang='lat' dir='ltr'>Uter·</span> <span class='ocrx_word' id='word_1_185' title='bbox 566 2295 637 2337; x_wconf 77' lang='lat' dir='ltr'>obivit:</span> 
     </span>
    </p>

    <p class='ocr_par' dir='ltr' id='par_1_17' title="bbox 125 2360 631 2413">
     <span class='ocr_line' id='line_1_31' title="bbox 125 2360 631 2413; baseline 0.004 -13"><span class='ocrx_word' id='word_1_186' title='bbox 125 2361 184 2413; x_wconf 83' lang='lat' dir='ltr'>quue</span> <span class='ocrx_word' id='word_1_187' title='bbox 199 2361 266 2401; x_wconf 87' lang='lat' dir='ltr'>dolore</span> <span class='ocrx_word' id='word_1_188' title='bbox 280 2360 333 2411; x_wconf 84' lang='lat' dir='ltr'>gravi</span> <span class='ocrx_word' id='word_1_189' title='bbox 347 2366 423 2411; x_wconf 89' lang='lat' dir='ltr'>gestum</span> <span class='ocrx_word' id='word_1_190' title='bbox 436 2361 472 2400; x_wconf 87' lang='lat' dir='ltr'>fuit</span> <span class='ocrx_word' id='word_1_191' title='bbox 485 2367 541 2413; x_wconf 86' lang='lat' dir='ltr'>atque</span> <span class='ocrx_word' id='word_1_192' title='bbox 555 2362 631 2408; x_wconf 85' lang='lat' dir='ltr'>labore,</span> 
     </span>
    </p>

    <p class='ocr_par' dir='ltr' id='par_1_18' title="bbox 125 2427 763 2758">
     <span class='ocr_line' id='line_1_32' title="bbox 125 2427 689 2486; baseline 0.004 -17"><span class='ocrx_word' id='word_1_193' title='bbox 125 2429 149 2470; x_wconf 88' lang='lat' dir='ltr'>Et</span> <span class='ocrx_word' id='word_1_194' title='bbox 162 2442 210 2468; x_wconf 87' lang='lat' dir='ltr'>noce</span> <span class='ocrx_word' id='word_1_195' title='bbox 224 2427 326 2467; x_wconf 90' lang='lat' dir='ltr'>multorum</span> <span class='ocrx_word' id='word_1_196' title='bbox 340 2439 375 2479; x_wconf 86' lang='lat' dir='ltr'>per</span> <span class='ocrx_word' id='word_1_197' title='bbox 388 2427 533 2486; x_wconf 82' lang='lat' dir='ltr'>plurimahella</span> <span class='ocrx_word' id='word_1_198' title='bbox 547 2430 637 2470; x_wconf 85' lang='lat' dir='ltr'>virorum.</span> <span class='ocrx_word' id='word_1_199' title='bbox 687 2484 689 2486; x_wconf 21' lang='grc' dir='ltr'>Ι</span> 
     </span>
     <span class='ocr_line' id='line_1_33' title="bbox 125 2486 735 2554; baseline 0.002 -16"><span class='ocrx_word' id='word_1_200' title='bbox 125 2497 173 2538; x_wconf 90' lang='lat' dir='ltr'>Nam</span> <span class='ocrx_word' id='word_1_201' title='bbox 188 2496 233 2536; x_wconf 87' lang='lat' dir='ltr'>rium</span> <span class='ocrx_word' id='word_1_202' title='bbox 246 2495 355 2547; x_wconf 88' lang='lat' dir='ltr'>praedictus</span> <span class='ocrx_word' id='word_1_203' title='bbox 369 2496 459 2554; x_wconf 84' lang='lat' dir='ltr'>princeps</span> <span class='ocrx_word' id='word_1_204' title='bbox 473 2498 588 2550; x_wconf 76' lang='lat' dir='ltr'>langueret.‚·</span> <span class='ocrx_word' id='word_1_205' title='bbox 597 2498 620 2538; x_wconf 90' lang='lat' dir='ltr'>ab</span> <span class='ocrx_word' id='word_1_206' title='bbox 634 2500 698 2550; x_wconf 80' lang='lat' dir='ltr'>Angla</span> <span class='ocrx_word' id='word_1_207' title='bbox 734 2486 735 2489; x_wconf 12' lang='grc' dir='ltr'><strong>Ἴ</strong></span> 
     </span>
     <span class='ocr_line' id='line_1_34' title="bbox 125 2553 727 2622; baseline 0.002 -16"><span class='ocrx_word' id='word_1_208' title='bbox 125 2566 209 2606; x_wconf 86' lang='lat' dir='ltr'>Venerat</span> <span class='ocrx_word' id='word_1_209' title='bbox 221 2562 291 2617; x_wconf 78' lang='lat' dir='ltr'>infidus</span> <span class='ocrx_word' id='word_1_210' title='bbox 305 2564 398 2616; x_wconf 85' lang='lat' dir='ltr'>populus,</span> <span class='ocrx_word' id='word_1_211' title='bbox 414 2569 532 2622; x_wconf 82' lang='lat' dir='ltr'>eunctasque</span> <span class='ocrx_word' id='word_1_212' title='bbox 545 2573 581 2617; x_wconf 82' lang='lat' dir='ltr'>per</span> <span class='ocrx_word' id='word_1_213' title='bbox 595 2575 654 2608; x_wconf 86' lang='lat' dir='ltr'>enses</span> <span class='ocrx_word' id='word_1_214' title='bbox 678 2553 680 2557; x_wconf 52' lang='grc'><strong>’</strong></span> <span class='ocrx_word' id='word_1_215' title='bbox 725 2553 727 2557; x_wconf 46' lang='grc'>’</span> 
     </span>
     <span class='ocr_line' id='line_1_35' title="bbox 127 2622 763 2685; baseline 0.009 -15"><span class='ocrx_word' id='word_1_216' title='bbox 127 2631 188 2672; x_wconf 82' lang='lat' dir='ltr'>Trans</span> <span class='ocrx_word' id='word_1_217' title='bbox 202 2631 309 2673; x_wconf 88' lang='lat' dir='ltr'>Humbrum</span> <span class='ocrx_word' id='word_1_218' title='bbox 323 2633 392 2681; x_wconf 88' lang='lat' dir='ltr'>patrias</span> <span class='ocrx_word' id='word_1_219' title='bbox 403 2632 523 2673; x_wconf 41' lang='lat' dir='ltr'>‘submiserat&#39;</span> <span class='ocrx_word' id='word_1_220' title='bbox 537 2644 559 2673; x_wconf 87' lang='lat' dir='ltr'>ao</span> <span class='ocrx_word' id='word_1_221' title='bbox 573 2635 673 2685; x_wconf 83' lang='lat' dir='ltr'>periones;</span> <span class='ocrx_word' id='word_1_222' title='bbox 723 2655 724 2658; x_wconf 58' lang='lat'><em>=</em></span> <span class='ocrx_word' id='word_1_223' title='bbox 762 2622 763 2625; x_wconf 12' lang='grc' dir='ltr'><strong>Ἴ</strong></span> 
     </span>
     <span class='ocr_line' id='line_1_36' title="bbox 126 2698 586 2758; baseline 0 -17"><span class='ocrx_word' id='word_1_224' title='bbox 126 2699 151 2741; x_wconf 85' lang='lat' dir='ltr'>Et</span> <span class='ocrx_word' id='word_1_225' title='bbox 163 2711 210 2752; x_wconf 89' lang='lat' dir='ltr'>puer</span> <span class='ocrx_word' id='word_1_226' title='bbox 223 2700 303 2740; x_wconf 81' lang='lat' dir='ltr'>Arturus</span> <span class='ocrx_word' id='word_1_227' title='bbox 317 2698 390 2747; x_wconf 85' lang='lat' dir='ltr'>luerat,</span> <span class='ocrx_word' id='word_1_228' title='bbox 404 2712 441 2740; x_wconf 87' lang='lat' dir='ltr'>neo</span> <span class='ocrx_word' id='word_1_229' title='bbox 456 2700 552 2742; x_wconf 87' lang='lat' dir='ltr'>debilitate</span> <span class='ocrx_word' id='word_1_230' title='bbox 584 2755 586 2758; x_wconf 18' lang='grc' dir='ltr'>ι</span> 
     </span>
    </p>
   </div>
   <div class='ocr_carea' id='block_1_6' title="bbox 171 2836 514 2887">
    <p class='ocr_par' dir='ltr' id='par_1_19' title="bbox 171 2836 514 2887">
     <span class='ocr_line' id='line_1_37' title="bbox 171 2836 514 2887; baseline 0.032 -17"><span class='ocrx_word' id='word_1_231' title='bbox 171 2836 189 2880; x_wconf 91' lang='grc'>1)</span> <span class='ocrx_word' id='word_1_232' title='bbox 202 2837 229 2873; x_wconf 85' lang='lat' dir='ltr'>Sic</span> <span class='ocrx_word' id='word_1_233' title='bbox 240 2849 277 2883; x_wconf 69' lang='lat' dir='ltr'>ms„</span> <span class='ocrx_word' id='word_1_234' title='bbox 289 2852 319 2886; x_wconf 85' lang='lat' dir='ltr'>pro</span> <span class='ocrx_word' id='word_1_235' title='bbox 331 2853 401 2887; x_wconf 84' lang='lat' dir='ltr'>quae,</span> <span class='ocrx_word' id='word_1_236' title='bbox 412 2848 431 2878; x_wconf 81' lang='lat' dir='ltr'>ut</span> <span class='ocrx_word' id='word_1_237' title='bbox 443 2844 514 2880; x_wconf 76' lang='lat' dir='ltr'>videtur.</span> 
     </span>
    </p>
   </div>
   <div class='ocr_carea' id='block_1_7' title="bbox 0 0 908 3145">
    <p class='ocr_par' dir='ltr' id='par_1_20' title="bbox 0 0 908 3145">
     <span class='ocr_line' id='line_1_38' title="bbox 0 0 908 3145; baseline 0 0"><span class='ocrx_word' id='word_1_238' title='bbox 0 0 908 3145; x_wconf 95' lang='lat' dir='ltr'> </span> 
     </span>
    </p>
   </div>
  </div>
 </body>
</html>
