1807 3145
101 228 141 275 156
368 222 430 256 Esdrae
441 221 482 255 liber·
494 224 560 265 quartus

101 340 118 378 si
132 338 198 383 latina,
218 350 249 378 me
264 336 342 388 quidem
354 331 430 387 judice,
451 336 582 387 antiquissime
597 335 681 374 omnium
696 336 784 377 habenda
799 337 830 382 sit,

101 412 163 446 tamen
176 407 242 445 lorsau
263 405 371 455 aethiopica
385 403 503 443 considerari
517 399 582 454 potest
595 406 617 442 ut
630 403 717 452 profecta
731 405 754 445 ab
769 416 832 444 exem-

99 473 148 523 plari
171 464 294 514 correctioris
318 477 337 513 et
357 472 481 513 accuratioris
501 471 596 512 editionis.
633 470 743 523 *Utriusque
762 482 832 512 sensus

99 539 204 580 identidem
219 554 275 592 asper
290 545 346 591 atque
362 541 455 581 obscurus
470 545 548 591 apparet
562 540 586 579 oh
601 539 645 589 styli
655 539 774 586 barbariem;
788 552 832 580 nam

100 601 171 658 ubique
184 599 271 668 phigatae
284 606 343 648 verba
356 606 376 645 in
389 605 482 647 vertendo
497 605 590 658 Aethiope
607 604 687 652 retinui,
708 605 724 645 si
738 609 831 658 poteram,

101 668 130 716 siu
144 675 219 722 miuus,
240 688 307 715 omnes
324 674 460 727 expressiones
475 674 499 715 ad
513 675 594 715 litteram
608 672 688 714 reddidi.

155 743 248 797 Superest
267 749 288 784 111
307 744 401 790 lectorem
419 755 519 790 moneam,
541 755 580 782 uon
600 742 696 790 defuisse,
722 744 754 796 qui
773 743 833 784 Eurae

100 812 170 850 librum
185 816 272 862 quartum
285 812 374 851 hebraice
392 810 454 849 adhuc
473 807 555 849 existere
571 810 709 849 contenderint.
735 811 833 850 Galatinus

100 879 121 918 iu
135 881 216 918 tractatu
231 878 356 919 celeberrimo
372 877 401 917 de
416 877 517 926 arcanis
536 876 684 934 catholicae
698 877 835 927 veritatis,

101 957 187 985 errorum
202 949 221 985 61
234 946 317 997 piarum,
338 956 385 996 quas
399 948 478 990 vocant,
498 943 593 983 fraudium
606 944 673 995 pleno,
684 948 783 990 testatur,
799 955 833 984 sua
852 997 855 1000 Γ

102 1017 164 1054 aetate
180 1013 223 1064 (hoc
238 1018 269 1053 est
283 1013 345 1053 seculi
359 1013 408 1052 sexti
423 1012 493 1051 decimi
507 1012 568 1060 initio)
589 1012 700 1051 hebraicum
714 1011 756 1062 ejus
772 1023 834 1060 exeru-

100 1081 142 1132 plar
155 1082 206 1120 iuter
215 1080 299 1121 ludaeos
314 1081 533 1132 constantinopolitanos
548 1081 632 1131 reperiri.
651 1081 729 1127 Certum
743 1084 778 1127 est,
793 1080 834 1120 lati-

101 1160 146 1188 nam
155 1148 198 1187 libri
208 1149 324 1194 versionem,
341 1160 390 1199 quae
400 1161 422 1188 se
432 1160 455 1188 ex
464 1148 554 1187 hebraico
564 1148 616 1187 fonte
626 1148 712 1188 haustam
722 1161 769 1189 ,esse
783 1149 833 1187 ultro

81 1208 82 1211 ¹
101 1215 224 1265 profiteatur,
238 1218 258 1254 iu
274 1218 377 1255 octonariis
391 1216 457 1254 Bibliis
472 1215 618 1260 Parisiensibus,
633 1227 643 1253 a
658 1216 756 1266 Stephano
771 1215 833 1260 editis,

102 1283 201 1337 contineri.
221 1274 324 1331 Quaeres
340 1284 411 1323 aLceo
427 1283 455 1322 sic
470 1268 580 1332 exponitur:
595 1282 648 1327 „Leo
659 1281 743 1321 Judaeus
759 1281 834 1321 hebrai-

100 1361 146 1390 cum
160 1352 256 1397 exemplar
269 1352 289 1390 iu
308 1351 395 1390 mnmbus
414 1349 516 1392 habuisse,
540 1358 603 1396 eoque
623 1358 670 1386 usus
684 1336 733 1387 vesse
753 1347 834 1392 videtur,

101 1413 186 1466 quarnvis
206 1425 277 1453 nomen
296 1426 352 1455 suum
369 1413 502 1461 dissimulans,
525 1426 588 1466 neque
604 1414 710 1461 confitens,
735 1415 833 1468 quomodo

101 1487 121 1523 et
138 1481 190 1522 unde
208 1481 256 1521 illud
275 1483 402 1533 acquisiverit.
431 1482 467 1522 Hic
487 1483 538 1521 enim
555 1483 602 1539 Leo
616 1494 686 1523 novem
704 1484 761 1522 nobis
782 1483 835 1522 dedit

102 1547 175 1606 Esdrae
190 1551 293 1602 apocryphi
307 1550 428 1596 versionem,
454 1561 498 1589 cum
512 1549 561 1589 libro
576 1550 677 1598 hebraico,
700 1562 757 1601 quem
775 1561 833 1591 mauu

102 1610 192 1662 tenebat,
207 1617 307 1664 collatam,
323 1618 397 1658 scilicet
411 1616 500 1664 eandem,
517 1628 573 1668 quam
587 1617 731 1669 Stephanus
741 1619 762 1659 in
777 1630 832 1659 sacro

101 1682 170 1724 codice
194 1683 254 1730 latino
273 1686 377 1726 Parisiensi
399 1687 497 1725 octonario
521 1685 585 1726 edidit.
626 1677 712 1727 Leonem
737 1689 832 1729 versionis

101 1755 200 1791 auctorem
209 1752 276 1798 luisse,
291 1754 366 1794 aPatre
381 1751 499 1792 Simone¹
514 1758 633 1804 compertum
646 1755 728 1794 habeo.“
743 1758 832 1795 Attamen

102 1812 119 1856 si
130 1818 172 1869 quis
181 1818 252 1859 Leonis
263 1823 372 1868 versionem
382 1810 413 1859 hic
427 1824 552 1860 memoratam
561 1820 592 1860 vel
603 1821 681 1861 minime
692 1824 832 1867 examinaverit,

43 1906 46 1917 ι
101 1896 142 1925 11611
155 1889 220 1937 potest
233 1899 272 1926 non
288 1888 401 1935 observare,
421 1887 533 1928 hebraicum
547 1887 599 1927 istud
613 1890 708 1940 exemplar
721 1874 767 1929 nihil
783 1890 834 1930 aliud

101 1953 171 2000 luisse,
186 1966 242 2005 quam
256 1968 329 1996 meram
342 1956 412 1996 latinae
425 1956 521 2008 vulgatae,
536 1957 587 2008 typis
602 1968 710 2008 expressae,
725 1949 834 1999 versionem

101 2020 216 2062 hebraicam.
250 2024 332 2065 Dicendi
355 2036 415 2076 genus
439 2025 529 2075 equidem
553 2023 649 2066 diversum
668 2032 710 2072 est,
734 2028 834 2079 stylusque

104 2089 175 2132 clarior
190 2094 246 2140 utque
261 2092 377 2142 elegantior,
401 2091 436 2130 sed
449 2102 482 2130 res
496 2091 552 2141 plane
567 2092 651 2132 eaedem.
679 2093 781 2133 Praeterea
795 2105 834 2133 uon

105 2155 164 2197 modo
179 2157 199 2196 in
214 2158 285 2198 celebri
303 2159 337 2197 illo
353 2158 422 2198 effato:
446 2158 572 2207 „revelabitur
589 2159 640 2199 filius
658 2171 713 2200 meus
733 2161 834 2208 lesus,‘¹

104 2235 148 2262 cum
156 2225 223 2264 Latino
235 2227 336 2272 consentit,
349 2225 450 2265 sedetiam
460 2236 520 2275 aeque
529 2219 552 2264 ac
566 2237 633 2266 omnes
643 2227 737 2268 editiones
747 2217 834 2281 vulgatae

103 2292 153 2349 typis
168 2304 282 2344 expressae,
305 2294 343 2333 duo
358 2294 418 2345 prime
433 2297 453 2334 et
466 2292 504 2331 duo
519 2293 583 2333 ultima
593 2295 659 2349 “capita
674 2297 769 2352 continet,
786 2309 834 2350 quae

104 2370 114 2398 o
129 2359 231 2400 duodecim
244 2362 282 2400 illis
295 2361 410 2406 codicibus,
426 2370 475 2410 qrros
490 2370 526 2408 ego
540 2359 620 2410 inspexi,
635 2374 675 2401 non
688 2363 763 2409 minus,
779 2376 836 2415 quam

105 2426 127 2465 ab
142 2426 235 2478 Aethiope
250 2433 269 2468 et
283 2429 345 2469 Arabe
359 2430 463 2479 interprete
478 2426 553 2466 absunt.

160 2493 218 2541 Quod
237 2495 261 2536 ad
280 2497 324 2537 libri
342 2497 476 2538 auctoritatem
494 2495 570 2542 attinet,
594 2495 704 2549 frequenter
718 2497 743 2537 ad
756 2498 836 2549 gradum

105 2562 193 2603 canonici
213 2565 279 2613 scripti
298 2562 358 2605 eletus
379 2568 399 2604 et
418 2577 453 2615 pro
474 2563 558 2613 genuino
573 2553 633 2604 uziae
651 2565 760 2615 prophetae,
777 2578 835 2616 opere

105 2626 262 2683 declaratusest
293 2632 412 2675 Whistonius
426 2633 446 2673 in
461 2630 536 2673 duobus
549 2618 668 2680 tractatibus,
690 2643 740 2684 quos
760 2627 836 2684 „vrim-
856 2642 862 2654 ¹

104 2697 161 2737 tivam
173 2696 352 2746 Christiarnitotem,“
368 2706 387 2742 et
401 2700 521 2747 „authentica
532 2697 658 2741 documenta*
669 2701 773 2751 inscripsit,
786 2701 841 2751 hauc

150 2834 168 2876 1)
181 2833 216 2865 vu.
229 2834 247 2875 1,
265 2845 280 2876 p.
293 2833 330 2867 156.
