<?xml version="1.0" encoding="UTF-8"?>
<!DOCTYPE html PUBLIC "-//W3C//DTD XHTML 1.0 Transitional//EN"
    "http://www.w3.org/TR/xhtml1/DTD/xhtml1-transitional.dtd">
<html xmlns="http://www.w3.org/1999/xhtml" xml:lang="en" lang="en">
 <head>
  <title>
</title>
<meta http-equiv="Content-Type" content="text/html;charset=utf-8" />
  <meta name='ocr-system' content='tesseract 3.04.00' />
  <meta name='ocr-capabilities' content='ocr_page ocr_carea ocr_par ocr_line ocrx_word'/>
</head>
<body>
  <div class='ocr_page' id='page_1' title='image "./MN41907ucmf_4_0279.png"; bbox 0 0 1807 3145; ppageno 0'>
   <div class='ocr_carea' id='block_1_1' title="bbox 387 180 814 255">
    <p class='ocr_par' dir='ltr' id='par_1_1' title="bbox 387 180 814 255">
     <span class='ocr_line' id='line_1_1' title="bbox 387 180 814 255; baseline 0.04 -16"><span class='ocrx_word' id='word_1_1' title='bbox 387 206 510 242; x_wconf 67' lang='grc'>1111111111,</span> <span class='ocrx_word' id='word_1_2' title='bbox 545 195 547 200; x_wconf 88' lang='grc'><strong>’</strong></span> <span class='ocrx_word' id='word_1_3' title='bbox 718 180 719 183; x_wconf 14' lang='lat'>¹</span> <span class='ocrx_word' id='word_1_4' title='bbox 770 217 814 255; x_wconf 76' lang='grc'>,141</span> 
     </span>
    </p>
   </div>
   <div class='ocr_carea' id='block_1_2' title="bbox 75 318 865 2732">
    <p class='ocr_par' dir='ltr' id='par_1_2' title="bbox 84 318 813 427">
     <span class='ocr_line' id='line_1_2' title="bbox 85 318 813 379; baseline 0.014 -21"><span class='ocrx_word' id='word_1_5' title='bbox 85 331 128 358; x_wconf 88' lang='lat' dir='ltr'>reae</span> <span class='ocrx_word' id='word_1_6' title='bbox 142 318 240 365; x_wconf 84' lang='lat' dir='ltr'>inventae,</span> <span class='ocrx_word' id='word_1_7' title='bbox 266 332 334 361; x_wconf 83' lang='lat' dir='ltr'>ornnes</span> <span class='ocrx_word' id='word_1_8' title='bbox 348 323 367 360; x_wconf 93' lang='lat' dir='ltr'>in</span> <span class='ocrx_word' id='word_1_9' title='bbox 388 323 436 361; x_wconf 88' lang='lat' dir='ltr'>hanc</span> <span class='ocrx_word' id='word_1_10' title='bbox 456 324 530 375; x_wconf 78' lang='lat' dir='ltr'>igneam</span> <span class='ocrx_word' id='word_1_11' title='bbox 545 324 634 373; x_wconf 75' lang='lat' dir='ltr'>abyssum</span> <span class='ocrx_word' id='word_1_12' title='bbox 656 331 716 367; x_wconf 85' lang='lat' dir='ltr'>terrae</span> <span class='ocrx_word' id='word_1_13' title='bbox 735 327 813 379; x_wconf 83' lang='lat' dir='ltr'>dejicie-</span> 
     </span>
     <span class='ocr_line' id='line_1_3' title="bbox 84 386 362 427; baseline -0.007 0"><span class='ocrx_word' id='word_1_14' title='bbox 84 388 151 427; x_wconf 79' lang='lat' dir='ltr'>bantur</span> <span class='ocrx_word' id='word_1_15' title='bbox 165 390 184 425; x_wconf 87' lang='lat' dir='ltr'>et</span> <span class='ocrx_word' id='word_1_16' title='bbox 198 386 362 427; x_wconf 76' lang='lat' dir='ltr'><strong>comburebantur.</strong></span> 
     </span>
    </p>

    <p class='ocr_par' dir='ltr' id='par_1_3' title="bbox 125 453 676 506">
     <span class='ocr_line' id='line_1_4' title="bbox 125 453 676 506; baseline 0.007 -12"><span class='ocrx_word' id='word_1_17' title='bbox 125 455 160 499; x_wconf 73' lang='grc'>361</span> <span class='ocrx_word' id='word_1_18' title='bbox 174 453 197 494; x_wconf 81' lang='lat' dir='ltr'>ut</span> <span class='ocrx_word' id='word_1_19' title='bbox 211 453 291 506; x_wconf 70' lang='lat' dir='ltr'>abyssus</span> <span class='ocrx_word' id='word_1_20' title='bbox 306 457 354 496; x_wconf 90' lang='lat' dir='ltr'>haec</span> <span class='ocrx_word' id='word_1_21' title='bbox 368 455 387 496; x_wconf 92' lang='lat' dir='ltr'>in</span> <span class='ocrx_word' id='word_1_22' title='bbox 402 457 466 497; x_wconf 82' lang='lat' dir='ltr'>deutra</span> <span class='ocrx_word' id='word_1_23' title='bbox 481 456 549 497; x_wconf 90' lang='lat' dir='ltr'>domus</span> <span class='ocrx_word' id='word_1_24' title='bbox 564 458 615 498; x_wconf 91' lang='lat' dir='ltr'>illius</span> <span class='ocrx_word' id='word_1_25' title='bbox 630 465 676 500; x_wconf 88' lang='lat' dir='ltr'>erat.</span> 
     </span>
    </p>

    <p class='ocr_par' dir='ltr' id='par_1_4' title="bbox 124 522 816 582">
     <span class='ocr_line' id='line_1_5' title="bbox 124 522 816 582; baseline 0.009 -20"><span class='ocrx_word' id='word_1_26' title='bbox 124 522 188 569; x_wconf 76' lang='grc'>37111</span> <span class='ocrx_word' id='word_1_27' title='bbox 211 535 257 564; x_wconf 82' lang='lat' dir='ltr'>oves</span> <span class='ocrx_word' id='word_1_28' title='bbox 272 525 309 565; x_wconf 86' lang='lat' dir='ltr'>vidi</span> <span class='ocrx_word' id='word_1_29' title='bbox 324 524 411 565; x_wconf 87' lang='lat' dir='ltr'>comburi</span> <span class='ocrx_word' id='word_1_30' title='bbox 425 531 444 565; x_wconf 84' lang='lat' dir='ltr'>et</span> <span class='ocrx_word' id='word_1_31' title='bbox 458 538 503 566; x_wconf 83' lang='lat' dir='ltr'>ossa</span> <span class='ocrx_word' id='word_1_32' title='bbox 518 538 585 566; x_wconf 87' lang='lat' dir='ltr'>eorum</span> <span class='ocrx_word' id='word_1_33' title='bbox 600 529 693 567; x_wconf 79' lang='lat' dir='ltr'>consumi.</span> <span class='ocrx_word' id='word_1_34' title='bbox 814 578 816 582; x_wconf 20' lang='lat' dir='ltr'>v</span> 
     </span>
    </p>

    <p class='ocr_par' dir='ltr' id='par_1_5' title="bbox 83 590 812 835">
     <span class='ocr_line' id='line_1_6' title="bbox 125 590 812 646; baseline 0.009 -16"><span class='ocrx_word' id='word_1_35' title='bbox 125 591 160 637; x_wconf 78' lang='grc'>38)</span> <span class='ocrx_word' id='word_1_36' title='bbox 175 590 198 630; x_wconf 82' lang='lat' dir='ltr'>Et</span> <span class='ocrx_word' id='word_1_37' title='bbox 220 591 293 632; x_wconf 86' lang='lat' dir='ltr'>stabam</span> <span class='ocrx_word' id='word_1_38' title='bbox 313 592 447 644; x_wconf 78' lang='lat' dir='ltr'>conspiciens,</span> <span class='ocrx_word' id='word_1_39' title='bbox 472 594 569 645; x_wconf 84' lang='lat' dir='ltr'>quomodo</span> <span class='ocrx_word' id='word_1_40' title='bbox 590 595 666 646; x_wconf 83' lang='lat' dir='ltr'>antiqua</span> <span class='ocrx_word' id='word_1_41' title='bbox 688 596 724 636; x_wconf 85' lang='lat' dir='ltr'>ista</span> <span class='ocrx_word' id='word_1_42' title='bbox 743 598 812 636; x_wconf 87' lang='lat' dir='ltr'>domus</span> 
     </span>
     <span class='ocr_line' id='line_1_7' title="bbox 84 658 812 715; baseline 0.01 -18"><span class='ocrx_word' id='word_1_43' title='bbox 84 658 170 697; x_wconf 87' lang='lat' dir='ltr'>demersa</span> <span class='ocrx_word' id='word_1_44' title='bbox 184 662 219 703; x_wconf 86' lang='lat' dir='ltr'>est,</span> <span class='ocrx_word' id='word_1_45' title='bbox 235 659 338 701; x_wconf 76' lang='lat' dir='ltr'>seranna</span> <span class='ocrx_word' id='word_1_46' title='bbox 354 659 452 700; x_wconf 88' lang='lat' dir='ltr'>columnas</span> <span class='ocrx_word' id='word_1_47' title='bbox 467 659 514 711; x_wconf 81' lang='lat' dir='ltr'>ejus,</span> <span class='ocrx_word' id='word_1_48' title='bbox 530 673 644 714; x_wconf 86' lang='lat' dir='ltr'>omnemque</span> <span class='ocrx_word' id='word_1_49' title='bbox 659 664 678 702; x_wconf 88' lang='lat' dir='ltr'>in</span> <span class='ocrx_word' id='word_1_50' title='bbox 693 676 715 703; x_wconf 89' lang='lat' dir='ltr'>ea</span> <span class='ocrx_word' id='word_1_51' title='bbox 729 665 812 715; x_wconf 82' lang='lat' dir='ltr'>plantam</span> 
     </span>
     <span class='ocr_line' id='line_1_8' title="bbox 84 724 811 781; baseline 0.008 -18"><span class='ocrx_word' id='word_1_52' title='bbox 84 730 102 764; x_wconf 88' lang='lat' dir='ltr'>et</span> <span class='ocrx_word' id='word_1_53' title='bbox 119 724 167 763; x_wconf 89' lang='lat' dir='ltr'>ebur</span> <span class='ocrx_word' id='word_1_54' title='bbox 184 725 202 764; x_wconf 93' lang='lat' dir='ltr'>ei</span> <span class='ocrx_word' id='word_1_55' title='bbox 221 726 359 769; x_wconf 86' lang='lat' dir='ltr'>circumdatum</span> <span class='ocrx_word' id='word_1_56' title='bbox 377 728 484 769; x_wconf 80' lang='lat' dir='ltr'>extulerunt</span> <span class='ocrx_word' id='word_1_57' title='bbox 503 735 521 770; x_wconf 90' lang='lat' dir='ltr'>et</span> <span class='ocrx_word' id='word_1_58' title='bbox 541 729 671 781; x_wconf 81' lang='lat' dir='ltr'>deposuerunt</span> <span class='ocrx_word' id='word_1_59' title='bbox 688 731 708 770; x_wconf 91' lang='lat' dir='ltr'>in</span> <span class='ocrx_word' id='word_1_60' title='bbox 728 732 773 770; x_wconf 89' lang='lat' dir='ltr'>loco</span> <span class='ocrx_word' id='word_1_61' title='bbox 792 733 811 769; x_wconf 90' lang='lat' dir='ltr'>in</span> 
     </span>
     <span class='ocr_line' id='line_1_9' title="bbox 83 791 280 835; baseline 0.015 -5"><span class='ocrx_word' id='word_1_62' title='bbox 83 791 146 831; x_wconf 82' lang='lat' dir='ltr'>dcxtra</span> <span class='ocrx_word' id='word_1_63' title='bbox 161 796 222 834; x_wconf 87' lang='lat' dir='ltr'>terrae</span> <span class='ocrx_word' id='word_1_64' title='bbox 237 795 280 835; x_wconf 84' lang='lat' dir='ltr'>sito.</span> 
     </span>
    </p>

    <p class='ocr_par' dir='ltr' id='par_1_6' title="bbox 81 861 811 1182">
     <span class='ocr_line' id='line_1_10' title="bbox 123 861 811 916; baseline 0.009 -18"><span class='ocrx_word' id='word_1_65' title='bbox 123 862 159 907; x_wconf 77' lang='grc'>311)</span> <span class='ocrx_word' id='word_1_66' title='bbox 173 861 216 902; x_wconf 88' lang='lat' dir='ltr'>Vidi</span> <span class='ocrx_word' id='word_1_67' title='bbox 231 874 307 913; x_wconf 90' lang='lat' dir='ltr'>quoque</span> <span class='ocrx_word' id='word_1_68' title='bbox 321 864 425 903; x_wconf 91' lang='lat' dir='ltr'>Dominum</span> <span class='ocrx_word' id='word_1_69' title='bbox 444 865 506 904; x_wconf 90' lang='lat' dir='ltr'>ovium</span> <span class='ocrx_word' id='word_1_70' title='bbox 523 863 630 916; x_wconf 89' lang='lat' dir='ltr'>producere</span> <span class='ocrx_word' id='word_1_71' title='bbox 645 876 713 905; x_wconf 87' lang='lat' dir='ltr'>nouam</span> <span class='ocrx_word' id='word_1_72' title='bbox 727 865 811 910; x_wconf 82' lang='lat' dir='ltr'>doraum,</span> 
     </span>
     <span class='ocr_line' id='line_1_11' title="bbox 84 929 811 982; baseline 0.007 -17"><span class='ocrx_word' id='word_1_73' title='bbox 84 939 173 978; x_wconf 82' lang='lat' dir='ltr'>magnam</span> <span class='ocrx_word' id='word_1_74' title='bbox 188 932 207 968; x_wconf 91' lang='lat' dir='ltr'>et</span> <span class='ocrx_word' id='word_1_75' title='bbox 221 929 347 970; x_wconf 79' lang='lat' dir='ltr'>excelsiorem</span> <span class='ocrx_word' id='word_1_76' title='bbox 361 930 435 982; x_wconf 87' lang='lat' dir='ltr'>priore,</span> <span class='ocrx_word' id='word_1_77' title='bbox 458 935 477 970; x_wconf 88' lang='lat' dir='ltr'>ct</span> <span class='ocrx_word' id='word_1_78' title='bbox 491 932 510 970; x_wconf 88' lang='lat' dir='ltr'>in</span> <span class='ocrx_word' id='word_1_79' title='bbox 526 932 594 970; x_wconf 86' lang='lat' dir='ltr'>eodem</span> <span class='ocrx_word' id='word_1_80' title='bbox 609 932 653 970; x_wconf 92' lang='lat' dir='ltr'>loco</span> <span class='ocrx_word' id='word_1_81' title='bbox 667 944 750 982; x_wconf 84' lang='lat' dir='ltr'>ponera,</span> <span class='ocrx_word' id='word_1_82' title='bbox 774 943 811 982; x_wconf 87' lang='lat' dir='ltr'>quo</span> 
     </span>
     <span class='ocr_line' id='line_1_12' title="bbox 82 994 811 1048; baseline 0.007 -14"><span class='ocrx_word' id='word_1_83' title='bbox 82 995 144 1047; x_wconf 88' lang='lat' dir='ltr'>prior,</span> <span class='ocrx_word' id='word_1_84' title='bbox 160 994 261 1047; x_wconf 86' lang='lat' dir='ltr'>quaejam</span> <span class='ocrx_word' id='word_1_85' title='bbox 275 998 361 1044; x_wconf 83' lang='lat' dir='ltr'>evanuit,</span> <span class='ocrx_word' id='word_1_86' title='bbox 378 1002 460 1039; x_wconf 86' lang='lat' dir='ltr'>steterat.</span> <span class='ocrx_word' id='word_1_87' title='bbox 490 999 562 1039; x_wconf 87' lang='lat' dir='ltr'>Omncs</span> <span class='ocrx_word' id='word_1_88' title='bbox 578 997 619 1048; x_wconf 81' lang='lat' dir='ltr'>ejus</span> <span class='ocrx_word' id='word_1_89' title='bbox 634 998 736 1038; x_wconf 87' lang='lat' dir='ltr'>columnae</span> <span class='ocrx_word' id='word_1_90' title='bbox 750 1009 811 1039; x_wconf 85' lang='lat' dir='ltr'>novae</span> 
     </span>
     <span class='ocr_line' id='line_1_13' title="bbox 83 1064 811 1119; baseline 0.004 -18"><span class='ocrx_word' id='word_1_91' title='bbox 83 1067 149 1110; x_wconf 88' lang='lat' dir='ltr'>erant,</span> <span class='ocrx_word' id='word_1_92' title='bbox 165 1069 185 1104; x_wconf 91' lang='lat' dir='ltr'>et</span> <span class='ocrx_word' id='word_1_93' title='bbox 199 1065 247 1105; x_wconf 92' lang='lat' dir='ltr'>ebur</span> <span class='ocrx_word' id='word_1_94' title='bbox 261 1065 303 1117; x_wconf 69' lang='lat' dir='ltr'>eius</span> <span class='ocrx_word' id='word_1_95' title='bbox 314 1078 394 1112; x_wconf 82' lang='lat' dir='ltr'>novum,</span> <span class='ocrx_word' id='word_1_96' title='bbox 409 1072 428 1106; x_wconf 86' lang='lat' dir='ltr'>et</span> <span class='ocrx_word' id='word_1_97' title='bbox 440 1065 563 1106; x_wconf 85' lang='lat' dir='ltr'>abuudantius</span> <span class='ocrx_word' id='word_1_98' title='bbox 577 1069 641 1118; x_wconf 85' lang='lat' dir='ltr'>priore</span> <span class='ocrx_word' id='word_1_99' title='bbox 657 1065 739 1119; x_wconf 72' lang='lat' dir='ltr'>laboral,</span> <span class='ocrx_word' id='word_1_100' title='bbox 760 1064 811 1118; x_wconf 87' lang='lat' dir='ltr'>quod</span> 
     </span>
     <span class='ocr_line' id='line_1_14' title="bbox 81 1129 219 1182; baseline 0.007 -13"><span class='ocrx_word' id='word_1_101' title='bbox 81 1129 144 1171; x_wconf 84' lang='lat' dir='ltr'>efferri</span> <span class='ocrx_word' id='word_1_102' title='bbox 157 1130 219 1182; x_wconf 78' lang='lat' dir='ltr'>jussit.</span> 
     </span>
    </p>

    <p class='ocr_par' dir='ltr' id='par_1_7' title="bbox 79 1199 865 1442">
     <span class='ocr_line' id='line_1_15' title="bbox 127 1199 865 1255; baseline 0.001 -16"><span class='ocrx_word' id='word_1_103' title='bbox 127 1199 164 1247; x_wconf 81' lang='grc'>40)</span> <span class='ocrx_word' id='word_1_104' title='bbox 178 1199 202 1240; x_wconf 83' lang='lat' dir='ltr'>ut</span> <span class='ocrx_word' id='word_1_105' title='bbox 220 1200 308 1240; x_wconf 89' lang='lat' dir='ltr'>dominus</span> <span class='ocrx_word' id='word_1_106' title='bbox 330 1203 393 1241; x_wconf 82' lang='lat' dir='ltr'>ovium</span> <span class='ocrx_word' id='word_1_107' title='bbox 412 1202 431 1241; x_wconf 92' lang='lat' dir='ltr'>in</span> <span class='ocrx_word' id='word_1_108' title='bbox 446 1202 509 1241; x_wconf 87' lang='lat' dir='ltr'>medio</span> <span class='ocrx_word' id='word_1_109' title='bbox 524 1201 566 1252; x_wconf 84' lang='lat' dir='ltr'>ejus</span> <span class='ocrx_word' id='word_1_110' title='bbox 579 1201 678 1242; x_wconf 83' lang='lat' dir='ltr'>habitabat.</span> <span class='ocrx_word' id='word_1_111' title='bbox 706 1201 729 1241; x_wconf 84' lang='lat' dir='ltr'>El</span> <span class='ocrx_word' id='word_1_112' title='bbox 743 1212 810 1242; x_wconf 90' lang='lat' dir='ltr'>omnes</span> <span class='ocrx_word' id='word_1_113' title='bbox 863 1251 865 1255; x_wconf 21' lang='grc' dir='ltr'>ι</span> 
     </span>
     <span class='ocr_line' id='line_1_16' title="bbox 79 1265 809 1319; baseline 0.004 -15"><span class='ocrx_word' id='word_1_114' title='bbox 79 1265 154 1305; x_wconf 86' lang='lat' dir='ltr'>bestiae</span> <span class='ocrx_word' id='word_1_115' title='bbox 164 1268 231 1318; x_wconf 87' lang='lat' dir='ltr'>campi,</span> <span class='ocrx_word' id='word_1_116' title='bbox 242 1272 261 1306; x_wconf 90' lang='lat' dir='ltr'>et</span> <span class='ocrx_word' id='word_1_117' title='bbox 270 1280 337 1306; x_wconf 88' lang='lat' dir='ltr'>omncs</span> <span class='ocrx_word' id='word_1_118' title='bbox 348 1280 393 1307; x_wconf 87' lang='lat' dir='ltr'>aves</span> <span class='ocrx_word' id='word_1_119' title='bbox 402 1269 500 1308; x_wconf 88' lang='lat' dir='ltr'>caelorum</span> <span class='ocrx_word' id='word_1_120' title='bbox 508 1268 651 1319; x_wconf 87' lang='lat' dir='ltr'>procubuerunt</span> <span class='ocrx_word' id='word_1_121' title='bbox 661 1280 726 1307; x_wconf 85' lang='lat' dir='ltr'>coram</span> <span class='ocrx_word' id='word_1_122' title='bbox 736 1268 809 1314; x_wconf 77' lang='lat' dir='ltr'>onibus,</span> 
     </span>
     <span class='ocr_line' id='line_1_17' title="bbox 81 1333 809 1387; baseline 0.005 -17"><span class='ocrx_word' id='word_1_123' title='bbox 81 1343 129 1382; x_wconf 83' lang='lat' dir='ltr'>quae</span> <span class='ocrx_word' id='word_1_124' title='bbox 142 1333 231 1374; x_wconf 87' lang='lat' dir='ltr'>residuae</span> <span class='ocrx_word' id='word_1_125' title='bbox 246 1339 310 1381; x_wconf 82' lang='lat' dir='ltr'>crant,</span> <span class='ocrx_word' id='word_1_126' title='bbox 325 1347 396 1386; x_wconf 90' lang='lat' dir='ltr'>easque</span> <span class='ocrx_word' id='word_1_127' title='bbox 411 1335 524 1382; x_wconf 84' lang='lat' dir='ltr'>adorabant,</span> <span class='ocrx_word' id='word_1_128' title='bbox 543 1336 667 1387; x_wconf 76' lang='lat' dir='ltr'>implorantes</span> <span class='ocrx_word' id='word_1_129' title='bbox 682 1348 725 1382; x_wconf 79' lang='lat' dir='ltr'>eaS,</span> <span class='ocrx_word' id='word_1_130' title='bbox 746 1338 809 1387; x_wconf 84' lang='lat' dir='ltr'>iisque</span> 
     </span>
     <span class='ocr_line' id='line_1_18' title="bbox 80 1401 336 1442; baseline 0.012 -4"><span class='ocrx_word' id='word_1_131' title='bbox 80 1401 99 1438; x_wconf 92' lang='lat' dir='ltr'>iu</span> <span class='ocrx_word' id='word_1_132' title='bbox 114 1402 201 1440; x_wconf 90' lang='lat' dir='ltr'>omnibus</span> <span class='ocrx_word' id='word_1_133' title='bbox 217 1402 336 1442; x_wconf 82' lang='lat' dir='ltr'>obedientes.</span> 
     </span>
    </p>

    <p class='ocr_par' dir='ltr' id='par_1_8' title="bbox 79 1468 809 1721">
     <span class='ocr_line' id='line_1_19' title="bbox 120 1468 809 1522; baseline 0.001 -14"><span class='ocrx_word' id='word_1_134' title='bbox 120 1471 157 1517; x_wconf 79' lang='lat' dir='ltr'>tt)</span> <span class='ocrx_word' id='word_1_135' title='bbox 173 1468 222 1508; x_wconf 88' lang='lat' dir='ltr'>Tum</span> <span class='ocrx_word' id='word_1_136' title='bbox 235 1474 275 1507; x_wconf 90' lang='lat' dir='ltr'>tres</span> <span class='ocrx_word' id='word_1_137' title='bbox 290 1468 354 1516; x_wconf 50' lang='lat' dir='ltr'>unffi)</span> <span class='ocrx_word' id='word_1_138' title='bbox 370 1471 402 1520; x_wconf 87' lang='lat' dir='ltr'>qui</span> <span class='ocrx_word' id='word_1_139' title='bbox 416 1470 459 1509; x_wconf 87' lang='lat' dir='ltr'>albo</span> <span class='ocrx_word' id='word_1_140' title='bbox 473 1470 533 1510; x_wconf 77' lang='lat' dir='ltr'>induti</span> <span class='ocrx_word' id='word_1_141' title='bbox 550 1477 612 1517; x_wconf 87' lang='lat' dir='ltr'>crant,</span> <span class='ocrx_word' id='word_1_142' title='bbox 628 1476 647 1510; x_wconf 91' lang='lat' dir='ltr'>et</span> <span class='ocrx_word' id='word_1_143' title='bbox 662 1472 694 1522; x_wconf 83' lang='lat' dir='ltr'>qui</span> <span class='ocrx_word' id='word_1_144' title='bbox 707 1482 764 1510; x_wconf 87' lang='lat' dir='ltr'>manu</span> <span class='ocrx_word' id='word_1_145' title='bbox 778 1483 809 1510; x_wconf 89' lang='lat' dir='ltr'>me</span> 
     </span>
     <span class='ocr_line' id='line_1_20' title="bbox 79 1534 809 1589; baseline -0.003 -13"><span class='ocrx_word' id='word_1_146' title='bbox 79 1535 220 1588; x_wconf 86' lang='lat' dir='ltr'>prehendentes</span> <span class='ocrx_word' id='word_1_147' title='bbox 233 1542 287 1576; x_wconf 86' lang='lat' dir='ltr'>antea</span> <span class='ocrx_word' id='word_1_148' title='bbox 300 1536 409 1579; x_wconf 64' lang='lat' dir='ltr'>ascendere,</span> <span class='ocrx_word' id='word_1_149' title='bbox 418 1548 449 1577; x_wconf 89' lang='lat' dir='ltr'>me</span> <span class='ocrx_word' id='word_1_150' title='bbox 460 1534 550 1582; x_wconf 80' lang='lat' dir='ltr'>fecerant,</span> <span class='ocrx_word' id='word_1_151' title='bbox 567 1536 618 1589; x_wconf 69' lang='lat' dir='ltr'>[dum</span> <span class='ocrx_word' id='word_1_152' title='bbox 631 1548 697 1577; x_wconf 89' lang='lat' dir='ltr'>manus</span> <span class='ocrx_word' id='word_1_153' title='bbox 710 1536 751 1587; x_wconf 86' lang='lat' dir='ltr'>ejus</span> <span class='ocrx_word' id='word_1_154' title='bbox 764 1537 809 1588; x_wconf 83' lang='lat' dir='ltr'>(qai)</span> 
     </span>
     <span class='ocr_line' id='line_1_21' title="bbox 79 1600 808 1657; baseline 0 -15"><span class='ocrx_word' id='word_1_155' title='bbox 79 1603 201 1655; x_wconf 86' lang='lat' dir='ltr'>loquebatur,</span> <span class='ocrx_word' id='word_1_156' title='bbox 224 1614 255 1643; x_wconf 85' lang='lat' dir='ltr'>nie</span> <span class='ocrx_word' id='word_1_157' title='bbox 274 1600 369 1652; x_wconf 57' lang='lat' dir='ltr'>tenebat]</span> <span class='ocrx_word' id='word_1_158' title='bbox 392 1602 509 1642; x_wconf 85' lang='lat' dir='ltr'>sustulerunt</span> <span class='ocrx_word' id='word_1_159' title='bbox 528 1615 559 1643; x_wconf 87' lang='lat' dir='ltr'>me</span> <span class='ocrx_word' id='word_1_160' title='bbox 574 1608 593 1657; x_wconf 80' lang='lat' dir='ltr'>et</span> <span class='ocrx_word' id='word_1_161' title='bbox 608 1604 726 1643; x_wconf 71' lang='lat' dir='ltr'>collocarunt</span> <span class='ocrx_word' id='word_1_162' title='bbox 740 1603 808 1643; x_wconf 83' lang='lat' dir='ltr'>mediis</span> 
     </span>
     <span class='ocr_line' id='line_1_22' title="bbox 79 1670 572 1721; baseline 0.002 -12"><span class='ocrx_word' id='word_1_163' title='bbox 79 1672 98 1709; x_wconf 91' lang='lat' dir='ltr'>in</span> <span class='ocrx_word' id='word_1_164' title='bbox 113 1671 192 1716; x_wconf 88' lang='lat' dir='ltr'>ovibus,</span> <span class='ocrx_word' id='word_1_165' title='bbox 212 1676 313 1721; x_wconf 83' lang='lat' dir='ltr'>antequam</span> <span class='ocrx_word' id='word_1_166' title='bbox 325 1670 418 1719; x_wconf 85' lang='lat' dir='ltr'>judicium</span> <span class='ocrx_word' id='word_1_167' title='bbox 434 1675 523 1721; x_wconf 82' lang='lat' dir='ltr'>coeptum</span> <span class='ocrx_word' id='word_1_168' title='bbox 538 1675 572 1710; x_wconf 84' lang='lat' dir='ltr'>est.</span> 
     </span>
    </p>

    <p class='ocr_par' dir='ltr' id='par_1_9' title="bbox 77 1737 808 2056">
     <span class='ocr_line' id='line_1_23' title="bbox 119 1737 808 1789; baseline -0.001 -12"><span class='ocrx_word' id='word_1_169' title='bbox 119 1740 155 1786; x_wconf 72' lang='lat'>42)</span> <span class='ocrx_word' id='word_1_170' title='bbox 169 1737 210 1777; x_wconf 89' lang='lat' dir='ltr'>Hae</span> <span class='ocrx_word' id='word_1_171' title='bbox 225 1749 271 1778; x_wconf 83' lang='lat' dir='ltr'>oves</span> <span class='ocrx_word' id='word_1_172' title='bbox 287 1749 354 1778; x_wconf 86' lang='lat' dir='ltr'>omnes</span> <span class='ocrx_word' id='word_1_173' title='bbox 369 1738 423 1778; x_wconf 88' lang='lat' dir='ltr'>albae</span> <span class='ocrx_word' id='word_1_174' title='bbox 438 1743 502 1783; x_wconf 87' lang='lat' dir='ltr'>erant,</span> <span class='ocrx_word' id='word_1_175' title='bbox 523 1738 586 1777; x_wconf 88' lang='lat' dir='ltr'>lanam</span> <span class='ocrx_word' id='word_1_176' title='bbox 600 1739 684 1779; x_wconf 85' lang='lat' dir='ltr'>ferentes</span> <span class='ocrx_word' id='word_1_177' title='bbox 698 1739 774 1789; x_wconf 81' lang='lat' dir='ltr'>longam</span> <span class='ocrx_word' id='word_1_178' title='bbox 789 1743 808 1777; x_wconf 90' lang='lat' dir='ltr'>et</span> 
     </span>
     <span class='ocr_line' id='line_1_24' title="bbox 78 1804 808 1857; baseline -0.004 -12"><span class='ocrx_word' id='word_1_179' title='bbox 78 1817 149 1857; x_wconf 87' lang='lat' dir='ltr'>puram.</span> <span class='ocrx_word' id='word_1_180' title='bbox 177 1806 201 1845; x_wconf 82' lang='lat' dir='ltr'>lit</span> <span class='ocrx_word' id='word_1_181' title='bbox 214 1817 294 1851; x_wconf 86' lang='lat' dir='ltr'>omnes,</span> <span class='ocrx_word' id='word_1_182' title='bbox 309 1805 342 1855; x_wconf 84' lang='lat' dir='ltr'>qui</span> <span class='ocrx_word' id='word_1_183' title='bbox 355 1805 452 1856; x_wconf 80' lang='lat' dir='ltr'>perierant</span> <span class='ocrx_word' id='word_1_184' title='bbox 466 1809 485 1845; x_wconf 91' lang='lat' dir='ltr'>et</span> <span class='ocrx_word' id='word_1_185' title='bbox 498 1805 567 1857; x_wconf 87' lang='lat' dir='ltr'>perditi</span> <span class='ocrx_word' id='word_1_186' title='bbox 582 1812 643 1851; x_wconf 82' lang='lat' dir='ltr'>erant,</span> <span class='ocrx_word' id='word_1_187' title='bbox 664 1817 731 1844; x_wconf 88' lang='lat' dir='ltr'>omncs</span> <span class='ocrx_word' id='word_1_188' title='bbox 746 1804 808 1855; x_wconf 84' lang='lat' dir='ltr'>campi</span> 
     </span>
     <span class='ocr_line' id='line_1_25' title="bbox 78 1873 806 1920; baseline -0.003 -7"><span class='ocrx_word' id='word_1_189' title='bbox 78 1874 159 1920; x_wconf 86' lang='lat' dir='ltr'>bestiae,</span> <span class='ocrx_word' id='word_1_190' title='bbox 183 1878 202 1913; x_wconf 90' lang='lat' dir='ltr'>et</span> <span class='ocrx_word' id='word_1_191' title='bbox 216 1886 283 1912; x_wconf 89' lang='lat' dir='ltr'>omnes</span> <span class='ocrx_word' id='word_1_192' title='bbox 299 1874 349 1913; x_wconf 88' lang='lat' dir='ltr'>coeli</span> <span class='ocrx_word' id='word_1_193' title='bbox 363 1886 418 1919; x_wconf 77' lang='lat' dir='ltr'>aueS,</span> <span class='ocrx_word' id='word_1_194' title='bbox 438 1874 458 1913; x_wconf 92' lang='lat' dir='ltr'>in</span> <span class='ocrx_word' id='word_1_195' title='bbox 472 1873 549 1914; x_wconf 79' lang='lat' dir='ltr'>deinum</span> <span class='ocrx_word' id='word_1_196' title='bbox 564 1875 616 1913; x_wconf 88' lang='lat' dir='ltr'>iliam</span> <span class='ocrx_word' id='word_1_197' title='bbox 631 1877 771 1916; x_wconf 86' lang='lat' dir='ltr'>convenerunt,</span> <span class='ocrx_word' id='word_1_198' title='bbox 787 1876 806 1911; x_wconf 88' lang='lat' dir='ltr'>et</span> 
     </span>
     <span class='ocr_line' id='line_1_26' title="bbox 77 1939 805 1992; baseline -0.004 -12"><span class='ocrx_word' id='word_1_199' title='bbox 77 1940 170 1980; x_wconf 80' lang='lat' dir='ltr'>Dominus</span> <span class='ocrx_word' id='word_1_200' title='bbox 186 1939 249 1980; x_wconf 85' lang='lat' dir='ltr'>ovium</span> <span class='ocrx_word' id='word_1_201' title='bbox 260 1951 329 1992; x_wconf 82' lang='lat' dir='ltr'>magno</span> <span class='ocrx_word' id='word_1_202' title='bbox 339 1940 434 1980; x_wconf 85' lang='lat' dir='ltr'>exultabat</span> <span class='ocrx_word' id='word_1_203' title='bbox 444 1940 519 1991; x_wconf 83' lang='lat' dir='ltr'>gaudio,</span> <span class='ocrx_word' id='word_1_204' title='bbox 535 1941 578 1990; x_wconf 87' lang='lat' dir='ltr'>quia</span> <span class='ocrx_word' id='word_1_205' title='bbox 594 1952 660 1979; x_wconf 86' lang='lat' dir='ltr'>omnes</span> <span class='ocrx_word' id='word_1_206' title='bbox 673 1940 735 1978; x_wconf 85' lang='lat' dir='ltr'>bonae</span> <span class='ocrx_word' id='word_1_207' title='bbox 746 1944 805 1983; x_wconf 84' lang='lat' dir='ltr'>erant,</span> 
     </span>
     <span class='ocr_line' id='line_1_27' title="bbox 78 2006 454 2056; baseline -0.005 -10"><span class='ocrx_word' id='word_1_208' title='bbox 78 2010 96 2046; x_wconf 85' lang='lat' dir='ltr'>ct</span> <span class='ocrx_word' id='word_1_209' title='bbox 110 2006 134 2046; x_wconf 80' lang='lat' dir='ltr'>erl</span> <span class='ocrx_word' id='word_1_210' title='bbox 143 2006 265 2045; x_wconf 75' lang='lat' dir='ltr'>domicilium</span> <span class='ocrx_word' id='word_1_211' title='bbox 279 2007 339 2056; x_wconf 89' lang='lat' dir='ltr'>ipsius</span> <span class='ocrx_word' id='word_1_212' title='bbox 354 2008 454 2046; x_wconf 87' lang='lat' dir='ltr'>redierant.</span> 
     </span>
    </p>

    <p class='ocr_par' dir='ltr' id='par_1_10' title="bbox 76 2072 805 2247">
     <span class='ocr_line' id='line_1_28' title="bbox 118 2072 804 2126; baseline -0.006 -12"><span class='ocrx_word' id='word_1_213' title='bbox 118 2076 154 2125; x_wconf 80' lang='lat'>43)</span> <span class='ocrx_word' id='word_1_214' title='bbox 168 2075 192 2114; x_wconf 82' lang='lat' dir='ltr'>lit</span> <span class='ocrx_word' id='word_1_215' title='bbox 205 2073 253 2119; x_wconf 88' lang='lat' dir='ltr'>uidi,</span> <span class='ocrx_word' id='word_1_216' title='bbox 276 2086 309 2115; x_wconf 88' lang='lat' dir='ltr'>eas</span> <span class='ocrx_word' id='word_1_217' title='bbox 328 2072 425 2126; x_wconf 83' lang='lat' dir='ltr'>deponere</span> <span class='ocrx_word' id='word_1_218' title='bbox 439 2073 534 2125; x_wconf 83' lang='lat' dir='ltr'>gladium,</span> <span class='ocrx_word' id='word_1_219' title='bbox 557 2074 589 2125; x_wconf 82' lang='lat' dir='ltr'>qui</span> <span class='ocrx_word' id='word_1_220' title='bbox 604 2073 670 2113; x_wconf 86' lang='lat' dir='ltr'>ovibus</span> <span class='ocrx_word' id='word_1_221' title='bbox 689 2072 743 2112; x_wconf 81' lang='lat' dir='ltr'>&lt;latus</span> <span class='ocrx_word' id='word_1_222' title='bbox 758 2077 804 2116; x_wconf 87' lang='lat' dir='ltr'>erat,</span> 
     </span>
     <span class='ocr_line' id='line_1_29' title="bbox 77 2139 805 2194; baseline -0.001 -14"><span class='ocrx_word' id='word_1_223' title='bbox 77 2146 95 2180; x_wconf 88' lang='lat' dir='ltr'>et</span> <span class='ocrx_word' id='word_1_224' title='bbox 114 2143 138 2182; x_wconf 86' lang='lat' dir='ltr'>ad</span> <span class='ocrx_word' id='word_1_225' title='bbox 157 2142 235 2182; x_wconf 88' lang='lat' dir='ltr'>domum</span> <span class='ocrx_word' id='word_1_226' title='bbox 255 2140 298 2191; x_wconf 83' lang='lat' dir='ltr'>ejus</span> <span class='ocrx_word' id='word_1_227' title='bbox 316 2146 425 2192; x_wconf 89' lang='lat' dir='ltr'>reportare,</span> <span class='ocrx_word' id='word_1_228' title='bbox 450 2141 574 2194; x_wconf 74' lang='lat' dir='ltr'>obsignantes</span> <span class='ocrx_word' id='word_1_229' title='bbox 596 2152 640 2181; x_wconf 90' lang='lat' dir='ltr'>eum</span> <span class='ocrx_word' id='word_1_230' title='bbox 658 2140 677 2181; x_wconf 92' lang='lat' dir='ltr'>in</span> <span class='ocrx_word' id='word_1_231' title='bbox 698 2139 805 2192; x_wconf 83' lang='lat' dir='ltr'>praeseutia</span> 
     </span>
     <span class='ocr_line' id='line_1_30' title="bbox 76 2209 158 2247; baseline -0.012 -1"><span class='ocrx_word' id='word_1_232' title='bbox 76 2209 158 2247; x_wconf 86' lang='lat' dir='ltr'>Domini.</span> 
     </span>
    </p>

    <p class='ocr_par' dir='ltr' id='par_1_11' title="bbox 76 2265 805 2463">
     <span class='ocr_line' id='line_1_31' title="bbox 117 2265 804 2326; baseline -0.006 -10"><span class='ocrx_word' id='word_1_233' title='bbox 117 2278 154 2325; x_wconf 83' lang='grc'>44)</span> <span class='ocrx_word' id='word_1_234' title='bbox 169 2276 242 2317; x_wconf 87' lang='lat' dir='ltr'>Omnes</span> <span class='ocrx_word' id='word_1_235' title='bbox 262 2287 307 2317; x_wconf 86' lang='lat' dir='ltr'>oues</span> <span class='ocrx_word' id='word_1_236' title='bbox 325 2277 344 2314; x_wconf 92' lang='lat' dir='ltr'>in</span> <span class='ocrx_word' id='word_1_237' title='bbox 363 2274 421 2315; x_wconf 84' lang='lat' dir='ltr'>domo</span> <span class='ocrx_word' id='word_1_238' title='bbox 439 2275 471 2315; x_wconf 90' lang='lat' dir='ltr'>illa</span> <span class='ocrx_word' id='word_1_239' title='bbox 489 2276 575 2314; x_wconf 81' lang='lat' dir='ltr'>inclusae</span> <span class='ocrx_word' id='word_1_240' title='bbox 595 2282 650 2322; x_wconf 89' lang='lat' dir='ltr'>sunt,</span> <span class='ocrx_word' id='word_1_241' title='bbox 675 2288 737 2326; x_wconf 88' lang='lat' dir='ltr'>neque</span> <span class='ocrx_word' id='word_1_242' title='bbox 759 2265 804 2315; x_wconf 83' lang='lat' dir='ltr'>uero</span> 
     </span>
     <span class='ocr_line' id='line_1_32' title="bbox 77 2341 805 2394; baseline -0.001 -13"><span class='ocrx_word' id='word_1_243' title='bbox 77 2354 143 2384; x_wconf 77' lang='lat' dir='ltr'>ornnes</span> <span class='ocrx_word' id='word_1_244' title='bbox 164 2342 261 2394; x_wconf 87' lang='lat' dir='ltr'>capiebat;</span> <span class='ocrx_word' id='word_1_245' title='bbox 285 2348 304 2383; x_wconf 87' lang='lat' dir='ltr'>et</span> <span class='ocrx_word' id='word_1_246' title='bbox 322 2343 407 2382; x_wconf 88' lang='lat' dir='ltr'>omnium</span> <span class='ocrx_word' id='word_1_247' title='bbox 426 2342 477 2381; x_wconf 91' lang='lat' dir='ltr'>oculi</span> <span class='ocrx_word' id='word_1_248' title='bbox 496 2341 595 2393; x_wconf 84' lang='lat' dir='ltr'>patebant,</span> <span class='ocrx_word' id='word_1_249' title='bbox 621 2347 640 2382; x_wconf 88' lang='lat' dir='ltr'>et</span> <span class='ocrx_word' id='word_1_250' title='bbox 661 2342 805 2392; x_wconf 73' lang='lat' dir='ltr'>conspiciebant</span> 
     </span>
     <span class='ocr_line' id='line_1_33' title="bbox 76 2409 743 2463; baseline -0.006 -13"><span class='ocrx_word' id='word_1_251' title='bbox 76 2409 159 2459; x_wconf 85' lang='lat' dir='ltr'>Bonum,</span> <span class='ocrx_word' id='word_1_252' title='bbox 178 2423 241 2463; x_wconf 88' lang='lat' dir='ltr'>neque</span> <span class='ocrx_word' id='word_1_253' title='bbox 256 2411 294 2449; x_wconf 88' lang='lat' dir='ltr'>ulla</span> <span class='ocrx_word' id='word_1_254' title='bbox 308 2422 373 2450; x_wconf 88' lang='lat' dir='ltr'>earum</span> <span class='ocrx_word' id='word_1_255' title='bbox 388 2415 439 2456; x_wconf 82' lang='lat' dir='ltr'>erat,</span> <span class='ocrx_word' id='word_1_256' title='bbox 460 2421 508 2460; x_wconf 83' lang='lat' dir='ltr'>quae</span> <span class='ocrx_word' id='word_1_257' title='bbox 523 2421 566 2449; x_wconf 91' lang='lat' dir='ltr'>eum</span> <span class='ocrx_word' id='word_1_258' title='bbox 581 2421 619 2449; x_wconf 88' lang='lat' dir='ltr'>non</span> <span class='ocrx_word' id='word_1_259' title='bbox 633 2410 743 2449; x_wconf 75' lang='lat' dir='ltr'>intueretur,</span> 
     </span>
    </p>

    <p class='ocr_par' dir='ltr' id='par_1_12' title="bbox 75 2471 853 2732">
     <span class='ocr_line' id='line_1_34' title="bbox 116 2471 805 2529; baseline -0.001 -11"><span class='ocrx_word' id='word_1_260' title='bbox 116 2481 154 2525; x_wconf 79' lang='lat'>45]</span> <span class='ocrx_word' id='word_1_261' title='bbox 169 2478 296 2518; x_wconf 78' lang='lat' dir='ltr'>Animadverti</span> <span class='ocrx_word' id='word_1_262' title='bbox 312 2490 399 2529; x_wconf 85' lang='lat' dir='ltr'>quoque,</span> <span class='ocrx_word' id='word_1_263' title='bbox 421 2471 499 2518; x_wconf 84' lang='lat' dir='ltr'>domurn</span> <span class='ocrx_word' id='word_1_264' title='bbox 518 2488 604 2528; x_wconf 84' lang='lat' dir='ltr'>magnam</span> <span class='ocrx_word' id='word_1_265' title='bbox 618 2488 675 2525; x_wconf 86' lang='lat' dir='ltr'>esse,</span> <span class='ocrx_word' id='word_1_266' title='bbox 696 2478 763 2523; x_wconf 86' lang='lat' dir='ltr'>latam,</span> <span class='ocrx_word' id='word_1_267' title='bbox 785 2483 805 2517; x_wconf 92' lang='lat' dir='ltr'>et</span> 
     </span>
     <span class='ocr_line' id='line_1_35' title="bbox 76 2543 803 2598; baseline 0 -15"><span class='ocrx_word' id='word_1_268' title='bbox 76 2543 177 2585; x_wconf 87' lang='lat' dir='ltr'>admodum</span> <span class='ocrx_word' id='word_1_269' title='bbox 190 2545 272 2598; x_wconf 82' lang='lat' dir='ltr'>plenam.</span> <span class='ocrx_word' id='word_1_270' title='bbox 289 2544 312 2585; x_wconf 84' lang='lat' dir='ltr'>ut</span> <span class='ocrx_word' id='word_1_271' title='bbox 326 2556 373 2583; x_wconf 89' lang='lat' dir='ltr'>ecce</span> <span class='ocrx_word' id='word_1_272' title='bbox 388 2543 456 2585; x_wconf 88' lang='lat' dir='ltr'>uitulus</span> <span class='ocrx_word' id='word_1_273' title='bbox 471 2543 525 2583; x_wconf 88' lang='lat' dir='ltr'>albus</span> <span class='ocrx_word' id='word_1_274' title='bbox 539 2548 594 2583; x_wconf 88' lang='lat' dir='ltr'>natus</span> <span class='ocrx_word' id='word_1_275' title='bbox 609 2549 646 2589; x_wconf 87' lang='lat' dir='ltr'>est,</span> <span class='ocrx_word' id='word_1_276' title='bbox 660 2545 717 2594; x_wconf 76' lang='lat' dir='ltr'>qu&#39;us</span> <span class='ocrx_word' id='word_1_277' title='bbox 732 2557 803 2583; x_wconf 87' lang='lat' dir='ltr'>cornua</span> 
     </span>
     <span class='ocr_line' id='line_1_36' title="bbox 75 2608 853 2665; baseline -0.003 -15"><span class='ocrx_word' id='word_1_278' title='bbox 75 2613 143 2665; x_wconf 77' lang='lat' dir='ltr'>magna</span> <span class='ocrx_word' id='word_1_279' title='bbox 163 2619 228 2660; x_wconf 86' lang='lat' dir='ltr'>erant,</span> <span class='ocrx_word' id='word_1_280' title='bbox 253 2618 362 2653; x_wconf 81' lang='lat' dir='ltr'>etomues</span> <span class='ocrx_word' id='word_1_281' title='bbox 380 2613 453 2654; x_wconf 88' lang='lat' dir='ltr'>bestiae</span> <span class='ocrx_word' id='word_1_282' title='bbox 474 2611 545 2665; x_wconf 89' lang='lat' dir='ltr'>campi,</span> <span class='ocrx_word' id='word_1_283' title='bbox 571 2617 590 2653; x_wconf 90' lang='lat' dir='ltr'>et</span> <span class='ocrx_word' id='word_1_284' title='bbox 608 2622 675 2652; x_wconf 86' lang='lat' dir='ltr'>omues</span> <span class='ocrx_word' id='word_1_285' title='bbox 695 2622 738 2651; x_wconf 84' lang='lat' dir='ltr'>aves</span> <span class='ocrx_word' id='word_1_286' title='bbox 753 2609 803 2650; x_wconf 88' lang='lat' dir='ltr'>cccli</span> <span class='ocrx_word' id='word_1_287' title='bbox 849 2608 853 2611; x_wconf 82' lang='grc'><strong>’</strong></span> 
     </span>
     <span class='ocr_line' id='line_1_37' title="bbox 75 2680 628 2732; baseline 0 -14"><span class='ocrx_word' id='word_1_288' title='bbox 75 2681 219 2726; x_wconf 80' lang='lat' dir='ltr'>reverebantur,</span> <span class='ocrx_word' id='word_1_289' title='bbox 239 2685 258 2721; x_wconf 91' lang='lat' dir='ltr'>et</span> <span class='ocrx_word' id='word_1_290' title='bbox 271 2680 397 2732; x_wconf 84' lang='lat' dir='ltr'>implorabant</span> <span class='ocrx_word' id='word_1_291' title='bbox 411 2693 455 2722; x_wconf 86' lang='lat' dir='ltr'>cum</span> <span class='ocrx_word' id='word_1_292' title='bbox 470 2681 522 2722; x_wconf 87' lang='lat' dir='ltr'>omni</span> <span class='ocrx_word' id='word_1_293' title='bbox 536 2686 628 2731; x_wconf 88' lang='lat' dir='ltr'>tempore.</span> 
     </span>
    </p>
   </div>
   <div class='ocr_carea' id='block_1_3' title="bbox 81 2768 225 2777">
    <p class='ocr_par' dir='ltr' id='par_1_13' title="bbox 81 2768 225 2777">
     <span class='ocr_line' id='line_1_38' title="bbox 81 2768 225 2777; baseline 0.014 -2"><span class='ocrx_word' id='word_1_294' title='bbox 81 2768 94 2771; x_wconf 46' lang='lat' dir='ltr'>m</span> <span class='ocrx_word' id='word_1_295' title='bbox 114 2770 225 2777; x_wconf 41' lang='grc' dir='ltr'>..ι-«ψ,</span> 
     </span>
    </p>
   </div>
   <div class='ocr_carea' id='block_1_4' title="bbox 119 2812 399 2861">
    <p class='ocr_par' dir='ltr' id='par_1_14' title="bbox 119 2812 399 2861">
     <span class='ocr_line' id='line_1_39' title="bbox 119 2812 399 2861; baseline -0.025 -5"><span class='ocrx_word' id='word_1_296' title='bbox 119 2812 138 2856; x_wconf 67' lang='lat' dir='ltr'>*J</span> <span class='ocrx_word' id='word_1_297' title='bbox 151 2815 190 2848; x_wconf 73' lang='lat' dir='ltr'>Vide</span> <span class='ocrx_word' id='word_1_298' title='bbox 202 2816 243 2861; x_wconf 82' lang='lat' dir='ltr'>Gap.</span> <span class='ocrx_word' id='word_1_299' title='bbox 255 2816 285 2858; x_wconf 83' lang='grc'>86,</span> <span class='ocrx_word' id='word_1_300' title='bbox 298 2818 314 2850; x_wconf 82' lang='lat'>2.</span> <span class='ocrx_word' id='word_1_301' title='bbox 337 2816 370 2860; x_wconf 81' lang='lat'>80,</span> <span class='ocrx_word' id='word_1_302' title='bbox 383 2818 399 2850; x_wconf 80' lang='lat' dir='ltr'>t.</span> 
     </span>
    </p>
   </div>
   <div class='ocr_carea' id='block_1_5' title="bbox 0 0 908 3145">
    <p class='ocr_par' dir='ltr' id='par_1_15' title="bbox 0 0 908 3145">
     <span class='ocr_line' id='line_1_40' title="bbox 0 0 908 3145; baseline 0 3"><span class='ocrx_word' id='word_1_303' title='bbox 0 0 908 3145; x_wconf 95' lang='lat' dir='ltr'> </span> 
     </span>
    </p>
   </div>
  </div>
 </body>
</html>
