1758 3137
293 164 320 199 lat.
333 174 379 199 versa
392 177 401 198 a
413 166 460 199 llich.
474 166 563 199 horitanae
768 174 794 210 55

66 279 289 329 virigerndirijudioam,
304 293 367 331 neque
381 282 405 322 de
420 283 497 322 alterius
513 283 629 327 auctoritate,
644 294 706 333 neque
718 283 741 322 de
751 283 796 321 utri-

67 360 127 402 nsque
141 350 255 399 praestantia
270 348 341 400 aliquid
351 349 470 400 derogantes.
494 350 633 388 Excellentium
646 348 722 387 illorrrrn
737 351 796 401 serip-

67 425 128 458 lornm
139 429 202 468 opera,
218 418 286 467 quihus
296 419 369 468 magnis
379 419 420 457 istis
432 418 506 457 duohus
516 418 561 458 viris
571 419 730 458 immortalitatem
738 431 796 470 quan-

67 487 109 526 dam
124 491 286 536 coruparaverunt,
300 500 339 525 hon
351 499 374 526 eo
389 487 467 526 minoris
481 486 536 538 pretii
548 487 636 533 luissent,
652 487 669 526 si
684 485 742 527 critici
757 485 797 538 qui-

67 552 142 592 damin
158 565 181 591 oo
198 553 339 599 elaborassent,
354 558 375 592 ut
390 555 453 604 spuria
467 566 489 593 ea
503 554 563 593 luisse
579 554 708 594 ostenderent.
740 554 798 593 Aurei

67 629 144 666 versus,
161 619 209 671 [ques
224 621 341 673 Pythagorae
355 623 431 661 nomine
446 624 531 674 vulgatos
546 622 637 672 legimns,
659 622 797 672 apertissimis

66 688 162 739 judicibus
183 690 277 729 aestimari
298 703 336 730 non
360 690 456 737 desinent,
479 701 592 742 quamquam
613 690 710 742 complura
733 689 799 729 secula

67 761 113 807 post
126 757 244 808 philosophi,
261 758 314 808 eujus
329 771 400 798 nomen
415 764 491 810 gerunt,
507 760 579 797 obitum
594 759 658 807 scripti
673 752 747 797 sint-“¹

124 824 177 863 Haeo
192 825 313 865 celeberrimi
327 827 362 865 viri
377 829 480 872 sententia,
502 827 518 865 si
532 838 571 865 non
586 826 697 875 exstinguit,
707 864 708 867 ,
718 829 800 864 attamen

71 896 160 930 extenuat
170 893 249 942 culpam
264 894 314 939 ausi,
331 896 382 944 quod
395 895 481 933 nonnulli
496 896 567 932 crimen
581 885 655 944 potius,
671 904 726 942 quarn
741 892 800 941 serip-

71 957 119 995 toris
141 962 254 1016 stratagema
269 972 313 998 esse
327 960 404 999 malunt.
443 961 485 1008 era
499 961 651 1014 apocryphorum
665 958 756 997 librorum
770 968 800 997 ex-

70 1027 168 1067 cusatione
188 1028 276 1078 neglecta
296 1029 374 1074 aceidit,
393 1031 414 1069 'ut
427 1030 513 1069 vicissim
532 1034 551 1067 et
570 1014 721 1079 deprimerentur
736 1030 756 1066 et
770 1038 800 1065 erl-

65 1095 181 1135 tollerentur
195 1097 237 1135 sino
254 1095 306 1146 justa
319 1097 380 1135 lance.
409 1097 473 1137 Altera
488 1098 539 1136 enim
554 1109 576 1136 ex
590 1101 655 1146 parte,
674 1094 746 1144 judicio
762 1106 800 1133 non

71 1165 164 1208 adhibito,
180 1164 204 1201 ad
214 1166 318 1202 canonicae
333 1165 437 1215 scripturae
453 1165 563 1215 dignitatern
577 1165 632 1209 elati,
654 1164 712 1202 altera
726 1163 801 1200 incaute
831 1173 832 1176 ¹

71 1228 95 1268 ad
108 1229 194 1268 infimum
208 1231 316 1270 haereticae
324 1230 396 1271 fraudis
407 1231 485 1283 gradum
495 1230 581 1281 depressi
596 1233 645 1269 sunt.
673 1229 723 1269 Vere
739 1233 802 1268 autern
820 1228 826 1234 ”

71 1297 157 1335 nonnulli
179 1301 230 1336 certe
251 1309 327 1343 eorum,
348 1303 367 1337 et
386 1300 435 1338 inter
453 1299 489 1338 hos
504 1298 568 1337 forsan
583 1302 659 1341 noster,
684 1295 742 1334 medii
757 1306 802 1334 esse

74 1363 162 1403 videntur
176 1364 225 1403 inter
240 1364 288 1404 duos
304 1366 351 1405 istos
366 1363 414 1405 lmes
428 1369 529 1404 extremos.

127 1433 225 1484 Denique,
250 1436 402 1487 quantiscunque
423 1435 487 1475 naevis
508 1434 583 1474 laboret
603 1432 689 1478 libellus,
714 1430 803 1483 equidem

72 1505 161 1550 reputans
179 1513 260 1547 nreounr,
280 1507 300 1542 et
316 1504 446 1553 apostolorum
466 1505 527 1542 aetate
542 1501 633 1551 scriptum
652 1512 703 1544 esse,
720 1503 743 1537 >et
758 1510 803 1536 con·

75 1568 163 1617 spicuum
176 1570 289 1610 narrationis
305 1571 431 1621 simplicitate
447 1570 483 1610 nec
497 1582 536 1609 non
551 1567 655 1608 identidem
669 1563 803 1616 descriptionis

73 1634 198 1682 sublimitate,
220 1650 268 1687 quae
288 1651 311 1676 ne
331 1637 413 1678 verbalis
430 1636 506 1688 quidem
520 1636 615 1676 versionis
629 1632 757 1673 incommodis
772 1642 804 1680 pe-

73 1700 124 1740 nitus
140 1704 271 1755 exstinguitur,
286 1708 342 1756 atque
356 1705 459 1756 imaginum
474 1702 588 1743 abundantia
602 1706 621 1741 et
634 1702 708 1752 vigore,
723 1699 805 1738 libenter

74 1771 121 1809 mihi
140 1772 258 1820 persuadeo,
283 1785 314 1811 me
334 1774 375 1812 sire
395 1772 418 1811 de
435 1771 532 1821 theologia
551 1767 623 1819 aliquid
641 1766 754 1811 meruerim,
775 1765 804 1804 sin

74 1839 144 1884 minus,
159 1843 234 1888 tempus
250 1843 268 1878 et
283 1850 360 1888 operam
375 1839 392 1878 ei
407 1839 513 1888 impensam
528 1848 566 1875 non
580 1835 635 1885 plane
649 1832 762 1884 perdidisse.

89 2025 91 2030 ,
109 1998 138 2044 l)
155 2000 283 2042 dpolclpornoua
300 2009 328 2030 seu
342 1998 502 2040 ltisrorurtiorrospii
516 1997 592 2038 aloc-lique
604 1994 686 2036 Frarrcisrl
699 1993 738 2027 lice.
751 1990 804 2024 roll.

75 2067 102 2099 pp.
113 2055 139 2092 39,
153 2058 179 2090 aa.
193 2056 225 2090 ed
240 2055 286 2089 itha.
530 2043 532 2048 ‚
