1807 3145
112 165 148 200 196
412 157 475 191 Euoelri
486 152 533 192 liber.

164 274 183 321 2)
197 273 218 312 ln
229 272 304 312 coelum
313 273 358 320 nonf
365 272 480 319 ascendent,
496 285 558 324 neque
571 274 670 314 interram
682 274 763 334 uenient.
785 275 836 316 Haeo

109 344 144 383 erit
158 341 221 394 portio
235 346 368 393 peecatorum,
394 342 425 392 qni
445 354 514 383 nornen
529 343 605 383 Domini
623 344 722 395 spirituum
737 334 836 395 denegant,

108 416 126 450 ot
141 409 173 462 qui
187 409 333 449 reservabuntur
347 409 367 448 in
382 407 433 448 ‹liem
447 421 521 460 poenae
535 415 555 450 et
569 401 682 450 afflictionis.
855 398 856 406 ἵ

163 478 182 524 3)
197 477 238 516 Hoc
253 476 283 515 die
292 477 369 515 Electus
384 481 403 514 in
419 477 488 515 throno
499 478 571 528 gloriae
581 477 662 523 sedebit,
677 482 695 516 el
705 477 837 518 determinabit

109 544 239 584 conditionem
250 555 322 590 eorum,
333 548 351 582 et
360 541 488 583 habitationes
497 544 607 584 innumeras
618 543 670 595 [dnm
683 544 760 594 spiritus
771 557 836 585 eorum

107 614 126 650 in
140 613 225 664 ipsorum
238 615 318 661 pectore
332 610 460 657 firmabuntur,
475 612 508 650 ubi
523 613 644 663 conspicient
656 611 742 652 Electum
756 613 836 661 meum]

106 691 141 730 pro
162 679 198 724 iis,
228 677 259 728 qui
281 677 407 729 confugerunt
428 678 451 718 ad
475 679 558 719 nominis
578 679 616 719 mei
638 679 699 719 saneti
719 683 738 718 et
757 672 841 730 gloriosi

104 746 226 796 praesidium.

161 813 180 861 4)
195 812 237 851 Hoc
258 811 289 850 die
306 811 393 851 Electum
415 823 480 851 meum
498 812 567 852 faciam
588 813 672 853 hahitare
693 812 768 852 medios
787 812 836 856 inter

105 881 161 927 illos,
185 880 262 920 mutabo
282 879 365 929 [faciem]
385 879 445 926 eoeli;
466 880 579 921 benedicam
597 882 625 928 ei,
647 886 667 922 et
684 874 795 921 illuminabo
816 881 836 920 in

106 955 210 990 aeternnm.
782 943 783 946 ¹

161 1016 180 1063 5)
194 1014 266 1053 Pariter
283 1014 360 1052 mutabo
376 1014 460 1064 [faeiem]
475 1020 549 1061 terrae,
573 1015 687 1054 benedicam
702 1016 729 1061 ei,
754 1021 774 1055 et
791 1027 834 1060 eos,

106 1094 154 1134 quos
170 1082 230 1133 elegi,
253 1072 321 1120 faciam
335 1082 418 1121 babitare
433 1082 452 1120 in
467 1094 495 1121 ea.
525 1082 564 1121 Sed
577 1083 602 1129 ii,
625 1084 656 1135 qui
674 1087 754 1134 peecata
768 1087 788 1122 et
800 1081 835 1120 ini·

105 1151 187 1202 quitates
203 1149 351 1195 commiserunt,
375 1161 418 1189 eam
432 1162 471 1188 non
480 1149 626 1196 inhabitabunt,
648 1162 693 1190 nam
705 1150 755 1190 facta
769 1161 836 1190 eornm

104 1217 188 1259 notavit
202 1217 267 1257 Justos
281 1230 337 1257 meos
352 1217 424 1258 satiabo
438 1229 498 1268 poce,
520 1218 618 1258 collocans
634 1231 668 1259 eos
683 1224 726 1259 ante
740 1230 782 1264 me;
800 1216 835 1257 sed

104 1291 228 1336 peecatorum
246 1284 340 1323 damnatio
359 1285 525 1334 appropinquabit,
550 1290 570 1323 ut
588 1286 667 1337 perdam
688 1297 722 1323 eos
742 1297 752 1323 a
772 1290 834 1324 terrae

104 1352 210 1403 superlicio.

238 1413 240 1416 ’
396 1424 455 1464 err.
476 1424 538 1467 nuri.

161 1505 179 1554 1)
193 1505 221 1544 lbi
235 1503 273 1547 ridi
288 1503 360 1544 Senem
375 1502 477 1550 dierum,l
501 1503 555 1555 enjus
576 1511 632 1557 caput
652 1511 692 1546 erat
712 1506 766 1545 lanae
780 1504 836 1558 albae

103 1574 169 1618 instar,
185 1577 204 1609 et
219 1583 263 1609 cum
274 1583 298 1609 eo
313 1571 399 1615 alterum,
415 1569 469 1619 cujus
484 1572 541 1610 lac-ies
557 1577 598 1610 erat
612 1562 661 1611 sidut
674 1558 757 1611 hominis
771 1573 835 1612 lanies.

103 1636 227 1687 Faciesejus
240 1640 280 1676 erat
291 1636 362 1688 gratiae
378 1636 444 1688 plena,
460 1637 579 1677 siontunius
597 1643 707 1678 sanctorum
719 1639 835 1690 angelorum.

103 1706 153 1745 Tum
173 1705 288 1756 interrogavi
307 1717 366 1743 unum
385 1703 521 1755 angelorum‚2
545 1707 577 1756 qui
595 1719 681 1753 meeum,
707 1711 726 1746 et
744 1708 776 1757 qui
790 1706 836 1746 mibi

38 1792 40 1796 v
105 1774 163 1814 omne
183 1778 280 1813 secretum
302 1773 424 1819 ostendebat,
447 1773 471 1812 ad
484 1774 567 1813 hominis
586 1775 645 1815 filium
665 1776 774 1828 pertinens:
795 1773 836 1826 quis

104 1848 167 1889 esset,
177 1854 178 1857 ’
189 1842 242 1892 cujas
258 1846 322 1887 esset,
338 1846 357 1881 et
371 1853 405 1880 cur
420 1843 542 1881 comitaretur
557 1842 628 1882 Senem
642 1841 733 1883 dierum?

159 1910 179 1958 2)
194 1908 300 1959 Respondit
314 1913 333 1946 et
347 1908 393 1946 dixit
402 1909 459 1945 mibi:
473 1909 509 1948 Hic
525 1905 555 1948 est
565 1910 624 1949 Filius
637 1909 725 1954 bominis,
741 1907 765 1946 ad
779 1900 837 1958 quern

101 1964 176 2028 justitia
189 1977 283 2028 pertinet,
299 1986 342 2014 oum
358 1986 395 2026 qno
407 1974 481 2024 justitia
494 1977 596 2023 habitauit,
612 1982 631 2016 et
646 1978 677 2028 qui
691 1976 783 2016 revelabit
797 1986 837 2014 onr-

103 2057 139 2084 nes
152 2044 253 2083 thesauros
269 2053 340 2085 eorum,
357 2053 405 2091 quae
420 2041 531 2080 abscondita
546 2046 600 2087 sunt,
616 2054 660 2081 nam
672 2042 766 2080 Dominus
782 2040 838 2091 spiri·

103 2117 157 2152 tunm
171 2121 215 2150 eum
230 2108 298 2160 elegit;
318 2113 337 2148 et
349 2108 412 2159 portio
428 2109 469 2162 ejus
484 2110 580 2161 superavit
594 2123 661 2150 omnes
676 2114 719 2149 ante
733 2109 837 2148 Dominum

104 2177 204 2226 spirituum
219 2178 296 2213 aeterna
310 2173 430 2213 rectitudine.
848 2182 850 2185 ’

160 2244 179 2292 3)
193 2243 229 2283 Hic
241 2242 325 2282 hominis
337 2241 394 2288 tilius,
406 2253 463 2293 quem
473 2242 543 2290 vidisti,
553 2243 642 2284 excitabit
650 2255 706 2295 reges
717 2248 737 2283 et
748 2245 837 2292 potentes

105 2325 127 2353 ex
140 2324 207 2352 eorum
223 2311 324 2357 cubilibus,
340 2316 359 2350 et
368 2310 441 2352 validos
456 2323 479 2351 ex
493 2323 559 2364 eornm
568 2312 652 2359 thronis3
667 2311 760 2352 dissolvet
772 2310 838 2349 frenos

105 2381 210 2430 potentium
225 2384 244 2419 et
258 2378 355 2430 diffringet
368 2383 491 2430 peccatorum
506 2379 579 2419 dentes.

161 2446 180 2492 4)
195 2446 258 2495 Reges
271 2445 345 2484 thronis
360 2450 379 2484 et
393 2445 457 2495 regnis
473 2445 555 2494 dejiciet,
571 2446 614 2496 quia
628 2446 696 2486 ellerre
711 2450 730 2485 et
740 2445 838 2484 celebrare

105 2522 149 2549 enm
173 2509 252 2554 nolunt,
277 2514 295 2548 et
314 2522 335 2548 se
354 2510 453 2550 humiliare
474 2511 547 2560 [coram
565 2511 607 2560 eo]‚
632 2523 643 2550 a
662 2522 699 2562 quo
718 2522 778 2562 regna
790 2509 838 2561 ipsis

106 2577 175 2619 donata
196 2581 246 2618 sunt.
281 2575 389 2617 Potentium
407 2578 476 2618 taciem
495 2582 616 2629 prosternet,
641 2578 783 2629 perturbatione
804 2588 838 2617 eos

151 2716 171 2760 l)
189 2719 295 2762 princeps
316 2720 352 2753 sive
370 2722 438 2760 caput
455 2718 552 2757 dierum,
575 2716 634 2754 Daniel
649 2716 689 2757 vll,
709 2714 725 2748 o.
750 2713 769 2758 2)
787 2714 838 2750 verba

106 2779 148 2807 tum
164 2792 184 2798 -—
202 2775 335 2819 angelorum
352 2777 411 2810 desunt
423 2775 439 2807 in
452 2774 497 2809 Bodl.
511 2773 539 2806 uls.
733 2771 736 2773 ’
