<?xml version="1.0" encoding="UTF-8"?>
<!DOCTYPE html PUBLIC "-//W3C//DTD XHTML 1.0 Transitional//EN"
    "http://www.w3.org/TR/xhtml1/DTD/xhtml1-transitional.dtd">
<html xmlns="http://www.w3.org/1999/xhtml" xml:lang="en" lang="en">
 <head>
  <title>
</title>
<meta http-equiv="Content-Type" content="text/html;charset=utf-8" />
  <meta name='ocr-system' content='tesseract 3.04.00' />
  <meta name='ocr-capabilities' content='ocr_page ocr_carea ocr_par ocr_line ocrx_word'/>
</head>
<body>
  <div class='ocr_page' id='page_1' title='image "./MN41907ucmf_4_0182.png"; bbox 0 0 1807 3145; ppageno 0'>
   <div class='ocr_carea' id='block_1_1' title="bbox 94 174 552 219">
    <p class='ocr_par' dir='ltr' id='par_1_1' title="bbox 94 174 552 219">
     <span class='ocr_line' id='line_1_1' title="bbox 94 174 552 219; baseline -0.009 -7"><span class='ocrx_word' id='word_1_1' title='bbox 94 179 132 217; x_wconf 84' lang='lat'>150</span> <span class='ocrx_word' id='word_1_2' title='bbox 359 174 421 209; x_wconf 84' lang='lat' dir='ltr'>Esdrae</span> <span class='ocrx_word' id='word_1_3' title='bbox 432 174 474 209; x_wconf 89' lang='lat' dir='ltr'>liber</span> <span class='ocrx_word' id='word_1_4' title='bbox 486 178 552 219; x_wconf 88' lang='lat' dir='ltr'>quartus</span> 
     </span>
    </p>
   </div>
   <div class='ocr_carea' id='block_1_2' title="bbox 45 300 839 2235">
    <p class='ocr_par' dir='ltr' id='par_1_2' title="bbox 45 300 839 1082">
     <span class='ocr_line' id='line_1_2' title="bbox 93 300 822 358; baseline 0.001 -18"><span class='ocrx_word' id='word_1_5' title='bbox 93 301 209 351; x_wconf 81' lang='lat' dir='ltr'>colloquium</span> <span class='ocrx_word' id='word_1_6' title='bbox 220 301 243 340; x_wconf 86' lang='lat' dir='ltr'>ab</span> <span class='ocrx_word' id='word_1_7' title='bbox 253 300 355 341; x_wconf 78' lang='grc' dir='ltr'>ιιιιιιιιοιιο</span> <span class='ocrx_word' id='word_1_8' title='bbox 365 305 495 348; x_wconf 87' lang='lat' dir='ltr'>memoratum,</span> <span class='ocrx_word' id='word_1_9' title='bbox 511 302 538 342; x_wconf 91' lang='lat' dir='ltr'>nil</span> <span class='ocrx_word' id='word_1_10' title='bbox 550 301 600 342; x_wconf 91' lang='lat' dir='ltr'>aliud</span> <span class='ocrx_word' id='word_1_11' title='bbox 615 302 653 349; x_wconf 71' lang='lat' dir='ltr'>est,</span> <span class='ocrx_word' id='word_1_12' title='bbox 666 314 724 358; x_wconf 14' lang='lat' dir='ltr'>quam*</span> <span class='ocrx_word' id='word_1_13' title='bbox 732 313 822 343; x_wconf 91' lang='lat' dir='ltr'>versuum</span> 
     </span>
     <span class='ocr_line' id='line_1_3' title="bbox 93 362 823 425; baseline 0.001 -17"><span class='ocrx_word' id='word_1_14' title='bbox 93 366 229 419; x_wconf 75' lang='lat' dir='ltr'>septuagesimi</span> <span class='ocrx_word' id='word_1_15' title='bbox 244 370 303 419; x_wconf 87' lang='lat' dir='ltr'>quinti</span> <span class='ocrx_word' id='word_1_16' title='bbox 318 373 338 408; x_wconf 94' lang='lat' dir='ltr'>et</span> <span class='ocrx_word' id='word_1_17' title='bbox 352 370 488 420; x_wconf 74' lang='lat' dir='ltr'>septuagesimi</span> <span class='ocrx_word' id='word_1_18' title='bbox 501 371 550 410; x_wconf 89' lang='lat' dir='ltr'>sexti</span> <span class='ocrx_word' id='word_1_19' title='bbox 564 367 672 425; x_wconf 78' lang='grc' dir='ltr'>ιιιιιιιιο.1</span> <span class='ocrx_word' id='word_1_20' title='bbox 699 362 762 418; x_wconf 82' lang='lat' dir='ltr'>Quare</span> <span class='ocrx_word' id='word_1_21' title='bbox 778 381 823 409; x_wconf 87' lang='lat' dir='ltr'>con-</span> 
     </span>
     <span class='ocr_line' id='line_1_4' title="bbox 92 429 839 489; baseline 0.001 -13"><span class='ocrx_word' id='word_1_22' title='bbox 92 436 170 477; x_wconf 79' lang='lat' dir='ltr'>cludere</span> <span class='ocrx_word' id='word_1_23' title='bbox 184 447 296 487; x_wconf 90' lang='lat' dir='ltr'>possumus,</span> <span class='ocrx_word' id='word_1_24' title='bbox 318 429 415 476; x_wconf 74' lang='lat' dir='ltr'>Ambrosii</span> <span class='ocrx_word' id='word_1_25' title='bbox 430 441 491 476; x_wconf 87' lang='lat' dir='ltr'>aetate</span> <span class='ocrx_word' id='word_1_26' title='bbox 506 450 539 484; x_wconf 91' lang='lat' dir='ltr'>ea,</span> <span class='ocrx_word' id='word_1_27' title='bbox 561 450 609 489; x_wconf 89' lang='lat' dir='ltr'>quae</span> <span class='ocrx_word' id='word_1_28' title='bbox 624 450 674 476; x_wconf 92' lang='lat' dir='ltr'>nunc</span> <span class='ocrx_word' id='word_1_29' title='bbox 689 439 731 478; x_wconf 90' lang='lat' dir='ltr'>istis</span> <span class='ocrx_word' id='word_1_30' title='bbox 747 438 839 477; x_wconf 87' lang='lat' dir='ltr'>duobus&#39;</span> 
     </span>
     <span class='ocr_line' id='line_1_5' title="bbox 91 501 822 556; baseline -0.001 -12"><span class='ocrx_word' id='word_1_31' title='bbox 91 504 211 544; x_wconf 78' lang='lat' dir='ltr'>versionibus</span> <span class='ocrx_word' id='word_1_32' title='bbox 225 505 302 555; x_wconf 85' lang='lat' dir='ltr'>propria</span> <span class='ocrx_word' id='word_1_33' title='bbox 317 509 367 556; x_wconf 64' lang='lat' dir='ltr'>sunt,</span> <span class='ocrx_word' id='word_1_34' title='bbox 381 505 437 545; x_wconf 89' lang='lat' dir='ltr'>etiarn</span> <span class='ocrx_word' id='word_1_35' title='bbox 451 501 519 545; x_wconf 84' lang='lat' dir='ltr'>latinae</span> <span class='ocrx_word' id='word_1_36' title='bbox 533 506 617 544; x_wconf 83' lang='lat' dir='ltr'>infuisse.</span> <span class='ocrx_word' id='word_1_37' title='bbox 639 505 742 553; x_wconf 78' lang='lat' dir='ltr'>Quomodo</span> <span class='ocrx_word' id='word_1_38' title='bbox 758 511 822 545; x_wconf 89' lang='lat' dir='ltr'>autem</span> 
     </span>
     <span class='ocr_line' id='line_1_6' title="bbox 95 563 822 622; baseline 0.003 -11"><span class='ocrx_word' id='word_1_39' title='bbox 95 576 146 612; x_wconf 86' lang='lat' dir='ltr'>tanta</span> <span class='ocrx_word' id='word_1_40' title='bbox 166 576 185 611; x_wconf 90' lang='lat' dir='ltr'>et</span> <span class='ocrx_word' id='word_1_41' title='bbox 209 572 255 611; x_wconf 85' lang='lat' dir='ltr'>tanti</span> <span class='ocrx_word' id='word_1_42' title='bbox 280 573 373 611; x_wconf 90' lang='lat' dir='ltr'>momenti</span> <span class='ocrx_word' id='word_1_43' title='bbox 397 584 441 622; x_wconf 86' lang='lat' dir='ltr'>pars</span> <span class='ocrx_word' id='word_1_44' title='bbox 460 573 504 611; x_wconf 91' lang='lat' dir='ltr'>libri</span> <span class='ocrx_word' id='word_1_45' title='bbox 525 585 547 612; x_wconf 90' lang='lat' dir='ltr'>ex</span> <span class='ocrx_word' id='word_1_46' title='bbox 570 577 620 612; x_wconf 80' lang='lat' dir='ltr'>lexin</span> <span class='ocrx_word' id='word_1_47' title='bbox 643 563 702 612; x_wconf 87' lang='lat' dir='ltr'>latino</span> <span class='ocrx_word' id='word_1_48' title='bbox 725 573 822 619; x_wconf 76' lang='lat' dir='ltr'>exciderit,</span> 
     </span>
     <span class='ocr_line' id='line_1_7' title="bbox 45 631 822 692; baseline 0 -12"><span class='ocrx_word' id='word_1_49' title='bbox 45 675 47 684; x_wconf 80' lang='grc'>,</span> <span class='ocrx_word' id='word_1_50' title='bbox 92 639 168 680; x_wconf 80' lang='lat' dir='ltr'>difficile</span> <span class='ocrx_word' id='word_1_51' title='bbox 183 645 214 679; x_wconf 89' lang='lat' dir='ltr'>est</span> <span class='ocrx_word' id='word_1_52' title='bbox 228 639 323 689; x_wconf 83' lang='lat' dir='ltr'>conjectu.</span> <span class='ocrx_word' id='word_1_53' title='bbox 346 639 386 678; x_wconf 86' lang='lat' dir='ltr'>Sed</span> <span class='ocrx_word' id='word_1_54' title='bbox 400 641 446 679; x_wconf 93' lang='lat' dir='ltr'>olim</span> <span class='ocrx_word' id='word_1_55' title='bbox 461 653 503 680; x_wconf 90' lang='lat' dir='ltr'>eam</span> <span class='ocrx_word' id='word_1_56' title='bbox 519 642 562 680; x_wconf 85' lang='lat' dir='ltr'>huie</span> <span class='ocrx_word' id='word_1_57' title='bbox 577 640 668 686; x_wconf 88' lang='lat' dir='ltr'>infuisse,</span> <span class='ocrx_word' id='word_1_58' title='bbox 684 641 730 680; x_wconf 90' lang='lat' dir='ltr'>mihi</span> <span class='ocrx_word' id='word_1_59' title='bbox 745 631 822 692; x_wconf 91' lang='lat' dir='ltr'>quidem</span> 
     </span>
     <span class='ocr_line' id='line_1_8' title="bbox 91 699 823 759; baseline 0.001 -13"><span class='ocrx_word' id='word_1_60' title='bbox 91 706 164 746; x_wconf 90' lang='lat' dir='ltr'>videtur</span> <span class='ocrx_word' id='word_1_61' title='bbox 183 704 313 745; x_wconf 73' lang='lat' dir='ltr'>indubitabile.</span> <span class='ocrx_word' id='word_1_62' title='bbox 342 701 455 745; x_wconf 77' lang='lat' dir='ltr'>Ambrosius</span> <span class='ocrx_word' id='word_1_63' title='bbox 476 699 527 747; x_wconf 88' lang='lat' dir='ltr'>certe</span> <span class='ocrx_word' id='word_1_64' title='bbox 549 706 625 746; x_wconf 92' lang='lat' dir='ltr'>nonnisi</span> <span class='ocrx_word' id='word_1_65' title='bbox 643 706 667 746; x_wconf 89' lang='lat' dir='ltr'>ad</span> <span class='ocrx_word' id='word_1_66' title='bbox 687 719 730 747; x_wconf 87' lang='lat' dir='ltr'>eom</span> <span class='ocrx_word' id='word_1_67' title='bbox 749 711 823 759; x_wconf 88' lang='lat' dir='ltr'>partem</span> 
     </span>
     <span class='ocr_line' id='line_1_9' title="bbox 91 773 823 825; baseline 0 -12"><span class='ocrx_word' id='word_1_68' title='bbox 91 774 158 825; x_wconf 83' lang='lat' dir='ltr'>capitis</span> <span class='ocrx_word' id='word_1_69' title='bbox 173 774 265 819; x_wconf 79' lang='lat' dir='ltr'>recurrit,</span> <span class='ocrx_word' id='word_1_70' title='bbox 287 784 323 824; x_wconf 92' lang='lat' dir='ltr'>qua</span> <span class='ocrx_word' id='word_1_71' title='bbox 338 773 416 813; x_wconf 89' lang='lat' dir='ltr'>omnino</span> <span class='ocrx_word' id='word_1_72' title='bbox 431 780 493 820; x_wconf 90' lang='lat' dir='ltr'>caret,</span> <span class='ocrx_word' id='word_1_73' title='bbox 517 786 573 824; x_wconf 88' lang='lat' dir='ltr'>quam</span> <span class='ocrx_word' id='word_1_74' title='bbox 586 786 622 813; x_wconf 91' lang='lat' dir='ltr'>nos</span> <span class='ocrx_word' id='word_1_75' title='bbox 637 773 739 821; x_wconf 77' lang='lat' dir='ltr'>hahemus,</span> <span class='ocrx_word' id='word_1_76' title='bbox 759 774 823 814; x_wconf 87' lang='lat' dir='ltr'>versio</span> 
     </span>
     <span class='ocr_line' id='line_1_10' title="bbox 91 840 823 893; baseline 0.003 -14"><span class='ocrx_word' id='word_1_77' title='bbox 91 841 124 881; x_wconf 88' lang='lat' dir='ltr'>la</span> <span class='ocrx_word' id='word_1_78' title='bbox 112 844 162 887; x_wconf 89' lang='grc' dir='ltr'>ιιιι</span> <span class='ocrx_word' id='word_1_79' title='bbox 177 840 225 881; x_wconf 84' lang='lat' dir='ltr'>haec</span> <span class='ocrx_word' id='word_1_80' title='bbox 239 853 284 882; x_wconf 92' lang='lat' dir='ltr'>vero</span> <span class='ocrx_word' id='word_1_81' title='bbox 299 852 342 891; x_wconf 90' lang='lat' dir='ltr'>pars</span> <span class='ocrx_word' id='word_1_82' title='bbox 358 852 402 879; x_wconf 90' lang='lat' dir='ltr'>cum</span> <span class='ocrx_word' id='word_1_83' title='bbox 416 842 489 893; x_wconf 88' lang='lat' dir='ltr'>reliquo</span> <span class='ocrx_word' id='word_1_84' title='bbox 503 842 573 881; x_wconf 82' lang='lat' dir='ltr'>librot</span> <span class='ocrx_word' id='word_1_85' title='bbox 566 846 608 880; x_wconf 92' lang='lat' dir='ltr'>tam</span> <span class='ocrx_word' id='word_1_86' title='bbox 619 845 671 881; x_wconf 87' lang='lat' dir='ltr'>arcte</span> <span class='ocrx_word' id='word_1_87' title='bbox 686 854 783 887; x_wconf 88' lang='lat' dir='ltr'>connexa,</span> <span class='ocrx_word' id='word_1_88' title='bbox 805 846 823 881; x_wconf 87' lang='lat' dir='ltr'>et</span> 
     </span>
     <span class='ocr_line' id='line_1_11' title="bbox 92 900 822 972; baseline -0.003 -23"><span class='ocrx_word' id='word_1_89' title='bbox 92 909 134 949; x_wconf 91' lang='lat' dir='ltr'>sine</span> <span class='ocrx_word' id='word_1_90' title='bbox 156 921 179 949; x_wconf 90' lang='lat' dir='ltr'>eo</span> <span class='ocrx_word' id='word_1_91' title='bbox 199 913 236 949; x_wconf 83' lang='lat' dir='ltr'>tam</span> <span class='ocrx_word' id='word_1_92' title='bbox 253 902 316 960; x_wconf 80' lang='lat' dir='ltr'>inepta</span> <span class='ocrx_word' id='word_1_93' title='bbox 338 913 394 959; x_wconf 86' lang='lat' dir='ltr'>atque</span> <span class='ocrx_word' id='word_1_94' title='bbox 414 921 484 949; x_wconf 90' lang='lat' dir='ltr'>sensus</span> <span class='ocrx_word' id='word_1_95' title='bbox 503 922 570 972; x_wconf 85' lang='lat' dir='ltr'>expers</span> <span class='ocrx_word' id='word_1_96' title='bbox 585 914 626 955; x_wconf 90' lang='lat' dir='ltr'>est,</span> <span class='ocrx_word' id='word_1_97' title='bbox 651 900 672 949; x_wconf 87' lang='grc' dir='ltr'>ιιι</span> <span class='ocrx_word' id='word_1_98' title='bbox 691 903 774 961; x_wconf 79' lang='lat' dir='ltr'>neeesse</span> <span class='ocrx_word' id='word_1_99' title='bbox 793 909 822 953; x_wconf 86' lang='lat' dir='ltr'>sit,</span> 
     </span>
     <span class='ocr_line' id='line_1_12' title="bbox 91 967 824 1038; baseline 0 -24"><span class='ocrx_word' id='word_1_100' title='bbox 91 976 188 1026; x_wconf 85' lang='lat' dir='ltr'>antiquam</span> <span class='ocrx_word' id='word_1_101' title='bbox 208 974 284 1014; x_wconf 88' lang='lat' dir='ltr'>latinam</span> <span class='ocrx_word' id='word_1_102' title='bbox 299 975 409 1015; x_wconf 80' lang='lat' dir='ltr'>versionem</span> <span class='ocrx_word' id='word_1_103' title='bbox 423 975 520 1017; x_wconf 81' lang='lat' dir='ltr'>Ambrosii</span> <span class='ocrx_word' id='word_1_104' title='bbox 541 969 602 1015; x_wconf 86' lang='lat' dir='ltr'>aelate</span> <span class='ocrx_word' id='word_1_105' title='bbox 621 980 681 1017; x_wconf 86' lang='grc' dir='ltr'>ιοιιιιιι</span> <span class='ocrx_word' id='word_1_106' title='bbox 697 967 758 1038; x_wconf 80' lang='lat' dir='ltr'>eaput</span> <span class='ocrx_word' id='word_1_107' title='bbox 778 987 824 1014; x_wconf 88' lang='lat' dir='ltr'>con·</span> 
     </span>
     <span class='ocr_line' id='line_1_13' title="bbox 91 1039 400 1082; baseline 0 -1"><span class='ocrx_word' id='word_1_108' title='bbox 91 1039 178 1082; x_wconf 75' lang='lat' dir='ltr'>tinuisse.</span> <span class='ocrx_word' id='word_1_109' title='bbox 398 1052 400 1055; x_wconf 74' lang='grc'>’</span> 
     </span>
    </p>

    <p class='ocr_par' dir='ltr' id='par_1_3' title="bbox 147 1108 823 1160">
     <span class='ocr_line' id='line_1_14' title="bbox 147 1108 823 1160; baseline -0.001 -11"><span class='ocrx_word' id='word_1_110' title='bbox 147 1108 214 1159; x_wconf 87' lang='lat' dir='ltr'>Neque</span> <span class='ocrx_word' id='word_1_111' title='bbox 229 1120 281 1154; x_wconf 87' lang='lat' dir='ltr'>vero,</span> <span class='ocrx_word' id='word_1_112' title='bbox 298 1109 373 1151; x_wconf 86' lang='lat' dir='ltr'>etiamsi</span> <span class='ocrx_word' id='word_1_113' title='bbox 387 1109 424 1147; x_wconf 88' lang='lat' dir='ltr'>boc</span> <span class='ocrx_word' id='word_1_114' title='bbox 439 1111 556 1160; x_wconf 85' lang='lat' dir='ltr'>argumento,</span> <span class='ocrx_word' id='word_1_115' title='bbox 572 1121 595 1150; x_wconf 85' lang='lat' dir='ltr'>ex</span> <span class='ocrx_word' id='word_1_116' title='bbox 604 1110 701 1150; x_wconf 79' lang='lat' dir='ltr'>Ambrosii</span> <span class='ocrx_word' id='word_1_117' title='bbox 715 1110 823 1150; x_wconf 86' lang='lat' dir='ltr'>testimonis</span> 
     </span>
    </p>

    <p class='ocr_par' dir='ltr' id='par_1_4' title="bbox 62 1163 824 1969">
     <span class='ocr_line' id='line_1_15' title="bbox 91 1163 824 1228; baseline -0.003 -10"><span class='ocrx_word' id='word_1_118' title='bbox 91 1178 152 1228; x_wconf 87' lang='lat' dir='ltr'>petito</span> <span class='ocrx_word' id='word_1_119' title='bbox 160 1197 173 1222; x_wconf 48' lang='lat'>‚0</span> <span class='ocrx_word' id='word_1_120' title='bbox 187 1175 307 1223; x_wconf 75' lang='lat' dir='ltr'>carebamus,</span> <span class='ocrx_word' id='word_1_121' title='bbox 329 1176 435 1217; x_wconf 81' lang='lat' dir='ltr'>dubitarem</span> <span class='ocrx_word' id='word_1_122' title='bbox 450 1176 550 1217; x_wconf 86' lang='lat' dir='ltr'>adfirmare</span> <span class='ocrx_word' id='word_1_123' title='bbox 564 1182 603 1222; x_wconf 82' lang='lat' dir='ltr'>tres</span> <span class='ocrx_word' id='word_1_124' title='bbox 618 1163 717 1218; x_wconf 86' lang='lat' dir='ltr'>versiones</span> <span class='ocrx_word' id='word_1_125' title='bbox 732 1178 755 1217; x_wconf 89' lang='lat' dir='ltr'>ab</span> <span class='ocrx_word' id='word_1_126' title='bbox 769 1178 824 1217; x_wconf 90' lang='lat' dir='ltr'>initio</span> 
     </span>
     <span class='ocr_line' id='line_1_16' title="bbox 62 1233 824 1296; baseline -0.001 -11"><span class='ocrx_word' id='word_1_127' title='bbox 62 1233 67 1237; x_wconf 49' lang='grc'><strong>”</strong></span> <span class='ocrx_word' id='word_1_128' title='bbox 92 1245 160 1285; x_wconf 78' lang='lat' dir='ltr'>eadem</span> <span class='ocrx_word' id='word_1_129' title='bbox 170 1249 222 1283; x_wconf 89' lang='lat' dir='ltr'>oon</span> <span class='ocrx_word' id='word_1_130' title='bbox 216 1255 255 1283; x_wconf 89' lang='lat' dir='ltr'>nu</span> <span class='ocrx_word' id='word_1_131' title='bbox 256 1256 294 1284; x_wconf 93' lang='lat' dir='ltr'>sse</span> <span class='ocrx_word' id='word_1_132' title='bbox 309 1235 490 1284; x_wconf 44' lang='lat' dir='ltr'>Nam&#39;interversus</span> <span class='ocrx_word' id='word_1_133' title='bbox 504 1238 623 1296; x_wconf 85' lang='lat' dir='ltr'>trigesimum</span> <span class='ocrx_word' id='word_1_134' title='bbox 637 1246 721 1296; x_wconf 88' lang='lat' dir='ltr'>quintum</span> <span class='ocrx_word' id='word_1_135' title='bbox 735 1249 775 1285; x_wconf 84' lang='grc' dir='ltr'>ιιι</span> <span class='ocrx_word' id='word_1_136' title='bbox 776 1246 824 1295; x_wconf 87' lang='lat' dir='ltr'>rige-</span> 
     </span>
     <span class='ocr_line' id='line_1_17' title="bbox 90 1311 823 1372; baseline -0.005 -19"><span class='ocrx_word' id='word_1_137' title='bbox 90 1325 161 1353; x_wconf 84' lang='lat' dir='ltr'>simum</span> <span class='ocrx_word' id='word_1_138' title='bbox 171 1317 213 1352; x_wconf 90' lang='lat' dir='ltr'>sex</span> <span class='ocrx_word' id='word_1_139' title='bbox 214 1323 246 1352; x_wconf 89' lang='grc' dir='ltr'>ιιιιι</span> <span class='ocrx_word' id='word_1_140' title='bbox 256 1317 306 1363; x_wconf 86' lang='lat' dir='ltr'>capr</span> <span class='ocrx_word' id='word_1_141' title='bbox 307 1325 323 1351; x_wconf 87' lang='lat' dir='ltr'>rs</span> <span class='ocrx_word' id='word_1_142' title='bbox 299 1313 371 1358; x_wconf 88' lang='lat' dir='ltr'>Vll</span> <span class='ocrx_word' id='word_1_143' title='bbox 386 1317 443 1363; x_wconf 89' lang='lat' dir='ltr'>prout</span> <span class='ocrx_word' id='word_1_144' title='bbox 456 1313 476 1351; x_wconf 90' lang='grc' dir='ltr'>ιιι</span> <span class='ocrx_word' id='word_1_145' title='bbox 490 1313 579 1372; x_wconf 86' lang='lat' dir='ltr'>versione</span> <span class='ocrx_word' id='word_1_146' title='bbox 592 1312 623 1351; x_wconf 93' lang='lat' dir='ltr'>la</span> <span class='ocrx_word' id='word_1_147' title='bbox 611 1316 671 1351; x_wconf 87' lang='lat' dir='ltr'>rna</span> <span class='ocrx_word' id='word_1_148' title='bbox 670 1311 712 1362; x_wconf 73' lang='lat' dir='ltr'>ppis</span> <span class='ocrx_word' id='word_1_149' title='bbox 727 1323 823 1362; x_wconf 87' lang='lat' dir='ltr'>expressa,</span> 
     </span>
     <span class='ocr_line' id='line_1_18' title="bbox 93 1368 824 1430; baseline -0.005 -10"><span class='ocrx_word' id='word_1_150' title='bbox 93 1379 211 1426; x_wconf 82' lang='lat' dir='ltr'>exhibentur,</span> <span class='ocrx_word' id='word_1_151' title='bbox 227 1379 321 1420; x_wconf 90' lang='lat' dir='ltr'>vel&#39;tmter</span> <span class='ocrx_word' id='word_1_152' title='bbox 333 1379 418 1430; x_wconf 91' lang='lat' dir='ltr'>quintum</span> <span class='ocrx_word' id='word_1_153' title='bbox 434 1384 453 1423; x_wconf 90' lang='lat' dir='ltr'>et</span> <span class='ocrx_word' id='word_1_154' title='bbox 464 1368 565 1429; x_wconf 81' lang='lat' dir='ltr'>septimum</span> <span class='ocrx_word' id='word_1_155' title='bbox 576 1384 632 1430; x_wconf 87' lang='lat' dir='ltr'>caput</span> <span class='ocrx_word' id='word_1_156' title='bbox 643 1379 760 1429; x_wconf 85' lang='lat' dir='ltr'>aethiopicae</span> <span class='ocrx_word' id='word_1_157' title='bbox 773 1389 824 1417; x_wconf 89' lang='lat' dir='ltr'>nuno</span> 
     </span>
     <span class='ocr_line' id='line_1_19' title="bbox 93 1439 824 1498; baseline -0.004 -12"><span class='ocrx_word' id='word_1_158' title='bbox 93 1447 165 1492; x_wconf 89' lang='lat' dir='ltr'>aditae,</span> <span class='ocrx_word' id='word_1_159' title='bbox 180 1446 243 1485; x_wconf 89' lang='lat' dir='ltr'>hiatus</span> <span class='ocrx_word' id='word_1_160' title='bbox 258 1446 357 1487; x_wconf 90' lang='lat' dir='ltr'>evidenter</span> <span class='ocrx_word' id='word_1_161' title='bbox 371 1439 461 1498; x_wconf 82' lang='lat' dir='ltr'>occurrit.</span> <span class='ocrx_word' id='word_1_162' title='bbox 486 1445 581 1485; x_wconf 89' lang='lat' dir='ltr'>Versust</span> <span class='ocrx_word' id='word_1_163' title='bbox 573 1445 681 1484; x_wconf 87' lang='lat' dir='ltr'>tricesimus</span> <span class='ocrx_word' id='word_1_164' title='bbox 697 1448 792 1490; x_wconf 78' lang='lat' dir='ltr'>sextuss</span> <span class='ocrx_word' id='word_1_165' title='bbox 783 1444 824 1484; x_wconf 91' lang='lat' dir='ltr'>sive</span> 
     </span>
     <span class='ocr_line' id='line_1_20' title="bbox 91 1511 821 1564; baseline -0.004 -10"><span class='ocrx_word' id='word_1_166' title='bbox 91 1512 197 1554; x_wconf 87' lang='lat' dir='ltr'>secundum</span> <span class='ocrx_word' id='word_1_167' title='bbox 211 1513 337 1564; x_wconf 72' lang='lat' dir='ltr'>aethiopicam</span> <span class='ocrx_word' id='word_1_168' title='bbox 351 1514 433 1563; x_wconf 89' lang='lat' dir='ltr'>primus,</span> <span class='ocrx_word' id='word_1_169' title='bbox 450 1512 523 1563; x_wconf 76' lang='lat' dir='ltr'>&#39;capitis</span> <span class='ocrx_word' id='word_1_170' title='bbox 537 1511 569 1552; x_wconf 84' lang='lat' dir='ltr'>Vll</span> <span class='ocrx_word' id='word_1_171' title='bbox 584 1512 611 1550; x_wconf 85' lang='lat' dir='ltr'>sio</span> <span class='ocrx_word' id='word_1_172' title='bbox 626 1511 705 1562; x_wconf 85' lang='lat' dir='ltr'>incipit:</span> <span class='ocrx_word' id='word_1_173' title='bbox 728 1512 764 1556; x_wconf 86' lang='lat' dir='ltr'>„Et</span> <span class='ocrx_word' id='word_1_174' title='bbox 778 1511 821 1557; x_wconf 89' lang='lat' dir='ltr'>dixi,</span> 
     </span>
     <span class='ocr_line' id='line_1_21' title="bbox 90 1574 819 1632; baseline -0.001 -12"><span class='ocrx_word' id='word_1_175' title='bbox 90 1580 162 1632; x_wconf 90' lang='lat' dir='ltr'>primus</span> <span class='ocrx_word' id='word_1_176' title='bbox 172 1578 267 1619; x_wconf 74' lang='lat' dir='ltr'>Abraham</span> <span class='ocrx_word' id='word_1_177' title='bbox 282 1584 361 1630; x_wconf 88' lang='lat' dir='ltr'>propter</span> <span class='ocrx_word' id='word_1_178' title='bbox 372 1579 481 1618; x_wconf 91' lang='lat' dir='ltr'>Sodomitas</span> <span class='ocrx_word' id='word_1_179' title='bbox 493 1578 561 1623; x_wconf 87' lang='lat' dir='ltr'>oravit;</span> <span class='ocrx_word' id='word_1_180' title='bbox 569 1582 578 1599; x_wconf 88' lang='lat'><strong>“</strong></span> <span class='ocrx_word' id='word_1_181' title='bbox 594 1574 642 1630; x_wconf 88' lang='lat' dir='ltr'>quae</span> <span class='ocrx_word' id='word_1_182' title='bbox 653 1578 703 1617; x_wconf 88' lang='lat' dir='ltr'>dicta</span> <span class='ocrx_word' id='word_1_183' title='bbox 712 1579 819 1619; x_wconf 89' lang='lat' dir='ltr'>nullatenus</span> 
     </span>
     <span class='ocr_line' id='line_1_22' title="bbox 91 1644 823 1699; baseline -0.005 -10"><span class='ocrx_word' id='word_1_184' title='bbox 91 1660 114 1689; x_wconf 91' lang='lat' dir='ltr'>ex</span> <span class='ocrx_word' id='word_1_185' title='bbox 124 1644 254 1699; x_wconf 80' lang='lat' dir='ltr'>aliquo&#39;verbo</span> <span class='ocrx_word' id='word_1_186' title='bbox 265 1647 288 1687; x_wconf 87' lang='lat' dir='ltr'>ab</span> <span class='ocrx_word' id='word_1_187' title='bbox 299 1647 367 1697; x_wconf 88' lang='lat' dir='ltr'>angelo</span> <span class='ocrx_word' id='word_1_188' title='bbox 378 1651 433 1688; x_wconf 86' lang='lat' dir='ltr'>antea</span> <span class='ocrx_word' id='word_1_189' title='bbox 442 1646 654 1697; x_wconf 89' lang='lat' dir='ltr'>pronuntiatoproiecta</span> <span class='ocrx_word' id='word_1_190' title='bbox 665 1659 715 1692; x_wconf 78' lang='lat' dir='ltr'>esse,</span> <span class='ocrx_word' id='word_1_191' title='bbox 726 1646 761 1685; x_wconf 90' lang='lat' dir='ltr'>sed</span> <span class='ocrx_word' id='word_1_192' title='bbox 773 1646 823 1685; x_wconf 90' lang='lat' dir='ltr'>aliud</span> 
     </span>
     <span class='ocr_line' id='line_1_23' title="bbox 91 1709 822 1767; baseline -0.003 -13"><span class='ocrx_word' id='word_1_193' title='bbox 91 1715 194 1766; x_wconf 84' lang='lat' dir='ltr'>quidquam</span> <span class='ocrx_word' id='word_1_194' title='bbox 204 1716 336 1764; x_wconf 73' lang='lat' dir='ltr'>argumentum</span> <span class='ocrx_word' id='word_1_195' title='bbox 346 1716 417 1752; x_wconf 88' lang='lat' dir='ltr'>etextu</span> <span class='ocrx_word' id='word_1_196' title='bbox 426 1711 520 1763; x_wconf 89' lang='lat' dir='ltr'>perditum</span> <span class='ocrx_word' id='word_1_197' title='bbox 530 1712 654 1752; x_wconf 86' lang='lat' dir='ltr'>continuasse</span> <span class='ocrx_word' id='word_1_198' title='bbox 664 1709 756 1752; x_wconf 85' lang='lat' dir='ltr'>videntur.</span> <span class='ocrx_word' id='word_1_199' title='bbox 772 1712 822 1767; x_wconf 81' lang='lat' dir='ltr'>Quid</span> 
     </span>
     <span class='ocr_line' id='line_1_24' title="bbox 90 1777 820 1832; baseline 0 -11"><span class='ocrx_word' id='word_1_200' title='bbox 90 1782 128 1821; x_wconf 87' lang='lat' dir='ltr'>irco</span> <span class='ocrx_word' id='word_1_201' title='bbox 143 1781 172 1827; x_wconf 90' lang='lat' dir='ltr'>sit,</span> <span class='ocrx_word' id='word_1_202' title='bbox 188 1779 295 1831; x_wconf 84' lang='lat' dir='ltr'>aethiopica</span> <span class='ocrx_word' id='word_1_203' title='bbox 308 1783 329 1819; x_wconf 86' lang='lat' dir='ltr'>et-</span> <span class='ocrx_word' id='word_1_204' title='bbox 340 1779 415 1819; x_wconf 90' lang='lat' dir='ltr'>arabiea</span> <span class='ocrx_word' id='word_1_205' title='bbox 426 1778 525 1820; x_wconf 87' lang='lat' dir='ltr'>versiones</span> <span class='ocrx_word' id='word_1_206' title='bbox 540 1777 629 1818; x_wconf 87' lang='lat' dir='ltr'>distinete</span> <span class='ocrx_word' id='word_1_207' title='bbox 643 1777 733 1826; x_wconf 81' lang='lat' dir='ltr'>iudicant,</span> <span class='ocrx_word' id='word_1_208' title='bbox 742 1781 820 1832; x_wconf 66' lang='lat' dir='ltr'>,quippe</span> 
     </span>
     <span class='ocr_line' id='line_1_25' title="bbox 92 1841 822 1902; baseline -0.004 -13"><span class='ocrx_word' id='word_1_209' title='bbox 92 1860 140 1902; x_wconf 91' lang='lat' dir='ltr'>quae</span> <span class='ocrx_word' id='word_1_210' title='bbox 155 1858 234 1887; x_wconf 88' lang='lat' dir='ltr'>sensum</span> <span class='ocrx_word' id='word_1_211' title='bbox 255 1848 355 1899; x_wconf 75' lang='lat' dir='ltr'>suppleant</span> <span class='ocrx_word' id='word_1_212' title='bbox 369 1851 420 1888; x_wconf 87' lang='lat' dir='ltr'>arcte</span> <span class='ocrx_word' id='word_1_213' title='bbox 435 1841 546 1886; x_wconf 84' lang='lat' dir='ltr'>connexum</span> <span class='ocrx_word' id='word_1_214' title='bbox 557 1858 601 1886; x_wconf 90' lang='lat' dir='ltr'>oum</span> <span class='ocrx_word' id='word_1_215' title='bbox 615 1845 649 1893; x_wconf 84' lang='grc' dir='ltr'>ιιι,</span> <span class='ocrx_word' id='word_1_216' title='bbox 674 1858 723 1897; x_wconf 88' lang='lat' dir='ltr'>quae</span> <span class='ocrx_word' id='word_1_217' title='bbox 738 1847 822 1889; x_wconf 83' lang='lat' dir='ltr'>urranimi</span> 
     </span>
     <span class='ocr_line' id='line_1_26' title="bbox 92 1914 647 1969; baseline -0.011 -12"><span class='ocrx_word' id='word_1_218' title='bbox 92 1926 189 1969; x_wconf 82' lang='lat' dir='ltr'>consensu</span> <span class='ocrx_word' id='word_1_219' title='bbox 202 1914 222 1967; x_wconf 85' lang='lat' dir='ltr'>in</span> <span class='ocrx_word' id='word_1_220' title='bbox 235 1914 296 1953; x_wconf 90' lang='lat' dir='ltr'>tribus</span> <span class='ocrx_word' id='word_1_221' title='bbox 311 1914 431 1954; x_wconf 87' lang='lat' dir='ltr'>versionibus</span> <span class='ocrx_word' id='word_1_222' title='bbox 446 1918 557 1965; x_wconf 88' lang='lat' dir='ltr'>sequuntur.</span> <span class='ocrx_word' id='word_1_223' title='bbox 644 1918 647 1922; x_wconf 81' lang='grc'><strong>“</strong></span> 
     </span>
    </p>

    <p class='ocr_par' dir='ltr' id='par_1_5' title="bbox 91 1969 824 2235">
     <span class='ocr_line' id='line_1_27' title="bbox 145 1969 822 2032; baseline -0.003 -10"><span class='ocrx_word' id='word_1_224' title='bbox 145 1985 199 2022; x_wconf 85' lang='lat' dir='ltr'>Duae</span> <span class='ocrx_word' id='word_1_225' title='bbox 212 1982 270 2032; x_wconf 87' lang='lat' dir='ltr'>igitur</span> <span class='ocrx_word' id='word_1_226' title='bbox 284 1983 384 2022; x_wconf 90' lang='lat' dir='ltr'>versiones</span> <span class='ocrx_word' id='word_1_227' title='bbox 399 1982 502 2021; x_wconf 88' lang='lat' dir='ltr'>orientales</span> <span class='ocrx_word' id='word_1_228' title='bbox 519 1969 558 2020; x_wconf 88' lang='lat' dir='ltr'>non</span> <span class='ocrx_word' id='word_1_229' title='bbox 573 1982 636 2020; x_wconf 91' lang='lat' dir='ltr'>solum</span> <span class='ocrx_word' id='word_1_230' title='bbox 649 1982 693 2021; x_wconf 91' lang='lat' dir='ltr'>ideo</span> <span class='ocrx_word' id='word_1_231' title='bbox 708 1982 822 2021; x_wconf 89' lang='lat' dir='ltr'>utilissimae</span> 
     </span>
     <span class='ocr_line' id='line_1_28' title="bbox 92 2045 822 2103; baseline -0.003 -13"><span class='ocrx_word' id='word_1_232' title='bbox 92 2055 147 2103; x_wconf 88' lang='lat' dir='ltr'>sunt,</span> <span class='ocrx_word' id='word_1_233' title='bbox 163 2048 215 2099; x_wconf 87' lang='lat' dir='ltr'>quod</span> <span class='ocrx_word' id='word_1_234' title='bbox 229 2048 295 2086; x_wconf 84' lang='lat' dir='ltr'>earum</span> <span class='ocrx_word' id='word_1_235' title='bbox 309 2060 346 2098; x_wconf 91' lang='lat' dir='ltr'>ope</span> <span class='ocrx_word' id='word_1_236' title='bbox 361 2049 425 2099; x_wconf 86' lang='lat' dir='ltr'>spuria</span> <span class='ocrx_word' id='word_1_237' title='bbox 437 2048 480 2093; x_wconf 91' lang='lat' dir='ltr'>illa,</span> <span class='ocrx_word' id='word_1_238' title='bbox 498 2059 548 2099; x_wconf 86' lang='lat' dir='ltr'>quae</span> <span class='ocrx_word' id='word_1_239' title='bbox 562 2048 611 2087; x_wconf 88' lang='lat' dir='ltr'>libro</span> <span class='ocrx_word' id='word_1_240' title='bbox 625 2048 684 2087; x_wconf 91' lang='lat' dir='ltr'>latino</span> <span class='ocrx_word' id='word_1_241' title='bbox 698 2045 822 2100; x_wconf 87' lang='lat' dir='ltr'>irrepserunt,</span> 
     </span>
     <span class='ocr_line' id='line_1_29' title="bbox 91 2114 824 2167; baseline -0.001 -12"><span class='ocrx_word' id='word_1_242' title='bbox 91 2127 159 2167; x_wconf 85' lang='lat' dir='ltr'>magna</span> <span class='ocrx_word' id='word_1_243' title='bbox 180 2125 224 2151; x_wconf 88' lang='lat' dir='ltr'>eum</span> <span class='ocrx_word' id='word_1_244' title='bbox 241 2114 360 2166; x_wconf 79' lang='lat' dir='ltr'>confidentia</span> <span class='ocrx_word' id='word_1_245' title='bbox 381 2126 485 2165; x_wconf 87' lang='lat' dir='ltr'>expurgare</span> <span class='ocrx_word' id='word_1_246' title='bbox 499 2115 607 2164; x_wconf 87' lang='lat' dir='ltr'>possimus,</span> <span class='ocrx_word' id='word_1_247' title='bbox 633 2114 669 2153; x_wconf 90' lang='lat' dir='ltr'>sed</span> <span class='ocrx_word' id='word_1_248' title='bbox 687 2115 744 2153; x_wconf 91' lang='lat' dir='ltr'>etiam</span> <span class='ocrx_word' id='word_1_249' title='bbox 765 2116 789 2153; x_wconf 90' lang='lat' dir='ltr'>ob</span> <span class='ocrx_word' id='word_1_250' title='bbox 803 2116 824 2154; x_wconf 91' lang='lat' dir='ltr'>id</span> 
     </span>
     <span class='ocr_line' id='line_1_30' title="bbox 91 2179 822 2235; baseline 0 -12"><span class='ocrx_word' id='word_1_251' title='bbox 91 2181 223 2231; x_wconf 81' lang='lat' dir='ltr'>aestimatione</span> <span class='ocrx_word' id='word_1_252' title='bbox 242 2179 320 2232; x_wconf 84' lang='lat' dir='ltr'>dignae,</span> <span class='ocrx_word' id='word_1_253' title='bbox 348 2179 400 2233; x_wconf 90' lang='lat' dir='ltr'>quod</span> <span class='ocrx_word' id='word_1_254' title='bbox 419 2181 475 2222; x_wconf 90' lang='lat' dir='ltr'>nobis</span> <span class='ocrx_word' id='word_1_255' title='bbox 497 2180 652 2222; x_wconf 76' lang='lat' dir='ltr'>conservaverint</span> <span class='ocrx_word' id='word_1_256' title='bbox 669 2185 742 2235; x_wconf 88' lang='lat' dir='ltr'>partem</span> <span class='ocrx_word' id='word_1_257' title='bbox 758 2182 822 2234; x_wconf 88' lang='lat' dir='ltr'>operis</span> 
     </span>
    </p>
   </div>
   <div class='ocr_carea' id='block_1_3' title="bbox 83 2329 825 2824">
    <p class='ocr_par' dir='ltr' id='par_1_6' title="bbox 83 2329 825 2824">
     <span class='ocr_line' id='line_1_31' title="bbox 136 2329 824 2378; baseline -0.001 -9"><span class='ocrx_word' id='word_1_258' title='bbox 136 2336 154 2378; x_wconf 86' lang='lat' dir='ltr'>i)</span> <span class='ocrx_word' id='word_1_259' title='bbox 167 2333 249 2368; x_wconf 76' lang='lat' dir='ltr'>Ambrosii</span> <span class='ocrx_word' id='word_1_260' title='bbox 261 2332 313 2367; x_wconf 89' lang='lat' dir='ltr'>verba</span> <span class='ocrx_word' id='word_1_261' title='bbox 324 2332 367 2366; x_wconf 88' lang='lat' dir='ltr'>haee</span> <span class='ocrx_word' id='word_1_262' title='bbox 378 2336 426 2366; x_wconf 87' lang='lat' dir='ltr'>sunt:</span> <span class='ocrx_word' id='word_1_263' title='bbox 446 2330 500 2376; x_wconf 80' lang='lat' dir='ltr'>„Ergo</span> <span class='ocrx_word' id='word_1_264' title='bbox 513 2329 578 2363; x_wconf 86' lang='lat' dir='ltr'>dabitur</span> <span class='ocrx_word' id='word_1_265' title='bbox 590 2335 654 2375; x_wconf 88' lang='lat' dir='ltr'>tempus</span> <span class='ocrx_word' id='word_1_266' title='bbox 665 2332 764 2376; x_wconf 77' lang='lat' dir='ltr'>enimenim,</span> <span class='ocrx_word' id='word_1_267' title='bbox 776 2339 824 2378; x_wconf 87' lang='lat' dir='ltr'>post-</span> 
     </span>
     <span class='ocr_line' id='line_1_32' title="bbox 92 2381 825 2437; baseline -0.004 -11"><span class='ocrx_word' id='word_1_268' title='bbox 92 2405 139 2437; x_wconf 82' lang='lat' dir='ltr'>quam</span> <span class='ocrx_word' id='word_1_269' title='bbox 151 2397 237 2434; x_wconf 81' lang='lat' dir='ltr'>separatae</span> <span class='ocrx_word' id='word_1_270' title='bbox 249 2391 312 2423; x_wconf 84' lang='lat' dir='ltr'>luerint</span> <span class='ocrx_word' id='word_1_271' title='bbox 324 2391 345 2422; x_wconf 86' lang='lat' dir='ltr'>do</span> <span class='ocrx_word' id='word_1_272' title='bbox 357 2399 438 2432; x_wconf 86' lang='lat' dir='ltr'>corpore,</span> <span class='ocrx_word' id='word_1_273' title='bbox 451 2381 469 2420; x_wconf 87' lang='lat' dir='ltr'>ut</span> <span class='ocrx_word' id='word_1_274' title='bbox 481 2389 560 2434; x_wconf 85' lang='lat' dir='ltr'>videant,</span> <span class='ocrx_word' id='word_1_275' title='bbox 573 2388 594 2419; x_wconf 89' lang='lat' dir='ltr'>de</span> <span class='ocrx_word' id='word_1_276' title='bbox 606 2398 638 2431; x_wconf 90' lang='lat' dir='ltr'>quo</span> <span class='ocrx_word' id='word_1_277' title='bbox 649 2390 697 2423; x_wconf 84' lang='lat' dir='ltr'>modo</span> <span class='ocrx_word' id='word_1_278' title='bbox 709 2390 780 2423; x_wconf 81' lang='lat' dir='ltr'>dixisti?</span> <span class='ocrx_word' id='word_1_279' title='bbox 803 2390 825 2423; x_wconf 90' lang='lat' dir='ltr'>Et</span> 
     </span>
     <span class='ocr_line' id='line_1_33' title="bbox 92 2444 824 2490; baseline -0.004 -8"><span class='ocrx_word' id='word_1_280' title='bbox 92 2451 135 2483; x_wconf 85' lang='lat' dir='ltr'>dixit</span> <span class='ocrx_word' id='word_1_281' title='bbox 147 2447 225 2490; x_wconf 79' lang='lat' dir='ltr'>angelus:</span> <span class='ocrx_word' id='word_1_282' title='bbox 242 2446 309 2490; x_wconf 82' lang='lat' dir='ltr'>Septem</span> <span class='ocrx_word' id='word_1_283' title='bbox 320 2447 357 2480; x_wconf 90' lang='lat' dir='ltr'>dies</span> <span class='ocrx_word' id='word_1_284' title='bbox 369 2448 401 2480; x_wconf 88' lang='lat' dir='ltr'>erit</span> <span class='ocrx_word' id='word_1_285' title='bbox 411 2446 479 2480; x_wconf 84' lang='lat' dir='ltr'>libertas</span> <span class='ocrx_word' id='word_1_286' title='bbox 491 2455 557 2484; x_wconf 85' lang='lat' dir='ltr'>earnm,</span> <span class='ocrx_word' id='word_1_287' title='bbox 574 2448 592 2478; x_wconf 84' lang='grc' dir='ltr'>ιιι</span> <span class='ocrx_word' id='word_1_288' title='bbox 602 2444 672 2478; x_wconf 85' lang='lat' dir='ltr'>videant</span> <span class='ocrx_word' id='word_1_289' title='bbox 682 2446 700 2477; x_wconf 95' lang='lat' dir='ltr'>in</span> <span class='ocrx_word' id='word_1_290' title='bbox 712 2451 775 2488; x_wconf 88' lang='lat' dir='ltr'>septem</span> <span class='ocrx_word' id='word_1_291' title='bbox 787 2446 824 2479; x_wconf 90' lang='lat' dir='ltr'>die-</span> 
     </span>
     <span class='ocr_line' id='line_1_34' title="bbox 91 2501 824 2548; baseline -0.003 -10"><span class='ocrx_word' id='word_1_292' title='bbox 91 2507 132 2546; x_wconf 83' lang='lat' dir='ltr'>hus,</span> <span class='ocrx_word' id='word_1_293' title='bbox 145 2505 172 2548; x_wconf 95' lang='lat' dir='ltr'>qui</span> <span class='ocrx_word' id='word_1_294' title='bbox 183 2502 264 2546; x_wconf 84' lang='lat' dir='ltr'>praedioli</span> <span class='ocrx_word' id='word_1_295' title='bbox 275 2508 313 2537; x_wconf 91' lang='lat' dir='ltr'>sunt</span> <span class='ocrx_word' id='word_1_296' title='bbox 324 2512 413 2536; x_wconf 85' lang='lat' dir='ltr'>sermones.</span> <span class='ocrx_word' id='word_1_297' title='bbox 437 2501 457 2534; x_wconf 87' lang='lat' dir='ltr'>Et</span> <span class='ocrx_word' id='word_1_298' title='bbox 470 2506 526 2546; x_wconf 84' lang='lat' dir='ltr'>postea</span> <span class='ocrx_word' id='word_1_299' title='bbox 539 2501 685 2546; x_wconf 77' lang='lat' dir='ltr'>congregabuntur</span> <span class='ocrx_word' id='word_1_300' title='bbox 695 2502 714 2535; x_wconf 92' lang='lat' dir='ltr'>in</span> <span class='ocrx_word' id='word_1_301' title='bbox 725 2502 824 2536; x_wconf 78' lang='lat' dir='ltr'>habitaculis</span> 
     </span>
     <span class='ocr_line' id='line_1_35' title="bbox 91 2557 824 2603; baseline -0.005 -7"><span class='ocrx_word' id='word_1_302' title='bbox 91 2563 145 2596; x_wconf 84' lang='lat' dir='ltr'>suis“:</span> <span class='ocrx_word' id='word_1_303' title='bbox 157 2560 256 2602; x_wconf 81' lang='lat' dir='ltr'>Aethiopica</span> <span class='ocrx_word' id='word_1_304' title='bbox 267 2561 322 2593; x_wconf 85' lang='lat' dir='ltr'>versio</span> <span class='ocrx_word' id='word_1_305' title='bbox 334 2560 387 2592; x_wconf 82' lang='lat' dir='ltr'>locum</span> <span class='ocrx_word' id='word_1_306' title='bbox 399 2560 423 2592; x_wconf 88' lang='lat' dir='ltr'>sie</span> <span class='ocrx_word' id='word_1_307' title='bbox 434 2559 500 2592; x_wconf 84' lang='lat' dir='ltr'>reddit:</span> <span class='ocrx_word' id='word_1_308' title='bbox 521 2557 574 2601; x_wconf 79' lang='lat' dir='ltr'>„Ergo</span> <span class='ocrx_word' id='word_1_309' title='bbox 592 2558 658 2592; x_wconf 85' lang='lat' dir='ltr'>dabitur</span> <span class='ocrx_word' id='word_1_310' title='bbox 673 2561 737 2593; x_wconf 77' lang='lat' dir='ltr'>atrimae</span> <span class='ocrx_word' id='word_1_311' title='bbox 753 2564 824 2603; x_wconf 82' lang='lat' dir='ltr'>tempus,</span> 
     </span>
     <span class='ocr_line' id='line_1_36' title="bbox 92 2613 825 2664; baseline 0 -13"><span class='ocrx_word' id='word_1_312' title='bbox 92 2624 178 2664; x_wconf 85' lang='lat' dir='ltr'>postquam</span> <span class='ocrx_word' id='word_1_313' title='bbox 191 2617 280 2650; x_wconf 84' lang='lat' dir='ltr'>excesserit</span> <span class='ocrx_word' id='word_1_314' title='bbox 291 2617 312 2649; x_wconf 92' lang='lat' dir='ltr'>de</span> <span class='ocrx_word' id='word_1_315' title='bbox 325 2626 395 2660; x_wconf 84' lang='lat' dir='ltr'>corpore</span> <span class='ocrx_word' id='word_1_316' title='bbox 407 2626 447 2657; x_wconf 85' lang='lat' dir='ltr'>suo,</span> <span class='ocrx_word' id='word_1_317' title='bbox 464 2620 482 2648; x_wconf 90' lang='lat' dir='ltr'>ut</span> <span class='ocrx_word' id='word_1_318' title='bbox 494 2613 561 2655; x_wconf 84' lang='lat' dir='ltr'>videat,</span> <span class='ocrx_word' id='word_1_319' title='bbox 580 2615 601 2648; x_wconf 88' lang='lat' dir='ltr'>de</span> <span class='ocrx_word' id='word_1_320' title='bbox 613 2625 645 2659; x_wconf 84' lang='lat' dir='ltr'>quo</span> <span class='ocrx_word' id='word_1_321' title='bbox 657 2616 696 2648; x_wconf 81' lang='lat' dir='ltr'>inihi</span> <span class='ocrx_word' id='word_1_322' title='bbox 709 2616 779 2650; x_wconf 84' lang='lat' dir='ltr'>dixisti?</span> <span class='ocrx_word' id='word_1_323' title='bbox 803 2617 825 2650; x_wconf 86' lang='lat' dir='ltr'>Et</span> 
     </span>
     <span class='ocr_line' id='line_1_37' title="bbox 83 2672 823 2720; baseline -0.007 -8"><span class='ocrx_word' id='word_1_324' title='bbox 83 2674 239 2720; x_wconf 83' lang='lat' dir='ltr'>responditrnibi:</span> <span class='ocrx_word' id='word_1_325' title='bbox 257 2675 323 2719; x_wconf 86' lang='lat' dir='ltr'>Septem</span> <span class='ocrx_word' id='word_1_326' title='bbox 335 2675 371 2709; x_wconf 91' lang='lat' dir='ltr'>dies</span> <span class='ocrx_word' id='word_1_327' title='bbox 382 2674 445 2707; x_wconf 89' lang='lat' dir='ltr'>liberae</span> <span class='ocrx_word' id='word_1_328' title='bbox 458 2678 517 2714; x_wconf 84' lang='lat' dir='ltr'>erunt,</span> <span class='ocrx_word' id='word_1_329' title='bbox 535 2672 644 2714; x_wconf 80' lang='lat' dir='ltr'>invideant,</span> <span class='ocrx_word' id='word_1_330' title='bbox 662 2673 728 2716; x_wconf 82' lang='lat' dir='ltr'>dequo</span> <span class='ocrx_word' id='word_1_331' title='bbox 741 2674 771 2708; x_wconf 89' lang='lat' dir='ltr'>tihi</span> <span class='ocrx_word' id='word_1_332' title='bbox 783 2674 823 2715; x_wconf 82' lang='lat' dir='ltr'>dixi,</span> 
     </span>
     <span class='ocr_line' id='line_1_38' title="bbox 92 2721 824 2775; baseline -0.007 -9"><span class='ocrx_word' id='word_1_333' title='bbox 92 2743 147 2766; x_wconf 74' lang='lat' dir='ltr'>ual&#39;ltlll</span> <span class='ocrx_word' id='word_1_334' title='bbox 164 2735 234 2772; x_wconf 84' lang='lat' dir='ltr'>statum,</span> <span class='ocrx_word' id='word_1_335' title='bbox 255 2729 326 2775; x_wconf 74' lang='lat' dir='ltr'>do&#39;quo</span> <span class='ocrx_word' id='word_1_336' title='bbox 343 2730 431 2771; x_wconf 79' lang='lat' dir='ltr'>libidini,</span> <span class='ocrx_word' id='word_1_337' title='bbox 450 2730 467 2761; x_wconf 91' lang='lat' dir='ltr'>in</span> <span class='ocrx_word' id='word_1_338' title='bbox 480 2723 512 2761; x_wconf 81' lang='lat' dir='ltr'>illis</span> <span class='ocrx_word' id='word_1_339' title='bbox 523 2728 586 2762; x_wconf 88' lang='lat' dir='ltr'>diebus.</span> <span class='ocrx_word' id='word_1_340' title='bbox 609 2727 631 2760; x_wconf 85' lang='lat' dir='ltr'>Et</span> <span class='ocrx_word' id='word_1_341' title='bbox 647 2721 705 2772; x_wconf 81' lang='lat' dir='ltr'>postea</span> <span class='ocrx_word' id='word_1_342' title='bbox 722 2728 791 2763; x_wconf 86' lang='lat' dir='ltr'>abibunt</span> <span class='ocrx_word' id='word_1_343' title='bbox 807 2729 824 2761; x_wconf 90' lang='lat' dir='ltr'>in</span> 
     </span>
     <span class='ocr_line' id='line_1_39' title="bbox 92 2786 230 2824; baseline -0.036 0"><span class='ocrx_word' id='word_1_344' title='bbox 92 2786 185 2824; x_wconf 83' lang='lat' dir='ltr'>habitacula</span> <span class='ocrx_word' id='word_1_345' title='bbox 197 2797 230 2820; x_wconf 88' lang='lat' dir='ltr'>sua.</span> 
     </span>
    </p>
   </div>
   <div class='ocr_carea' id='block_1_4' title="bbox 0 0 908 3145">
    <p class='ocr_par' dir='ltr' id='par_1_7' title="bbox 0 0 908 3145">
     <span class='ocr_line' id='line_1_40' title="bbox 0 0 908 3145; baseline 0 0"><span class='ocrx_word' id='word_1_346' title='bbox 0 0 908 3145; x_wconf 95' lang='lat' dir='ltr'> </span> 
     </span>
    </p>
   </div>
  </div>
 </body>
</html>
