1758 3137
90 172 115 210 30
359 164 438 198 ascensio
450 162 502 198 Isaiae
514 163 556 198 vatis

90 281 164 334 πόμενα
197 284 220 322 ro'
254 279 280 323 ἑο
303 284 344 330 τοῖς
377 280 442 329 ἀετοῖς
472 276 534 330 adona
565 279 655 333 ἰποίησοο
683 274 821 331 'Audoode'vpg³

91 353 121 392 lib
137 351 271 399 x,oap.1e.

28 412 30 415 ’
146 417 175 456 Ad
189 418 225 457 hos
240 418 345 467 sortpmres
359 395 453 465 Pindarus
468 415 556 462 accedat,
540 415 604 465 tqui
619 379 691 465 quaerit

350 510 381 557 εἰς
394 505 433 561 γὰρ
449 508 512 547 inusi-

323 591 354 626 οις
369 576 387 616 ἐν
402 576 490 615 ἔντεσσιν
504 572 572 628 μέτρα,

323 646 335 698 ἢ
349 646 404 685 uren
417 649 495 683 ναοῖσιν
510 646 555 683 οἰω-

324 714 361 750 νῶν
375 707 470 763 βασιλῆα
484 710 539 749 atav-

324 793 358 828 μου
373 777 437 830 team
520 786 581 827 αμα).
593 784 636 818 rut

150 869 331 922 ueriquesmdas
350 864 408 916 ἀετὸς
427 871 446 906 et
466 864 543 917 ἆέεωμα
562 864 644 905 dilucide
659 865 745 917 exponit:
768 862 826 915 ἀεεὸς

94 940 163 992 inquit,
187 936 343 992 οἰκοδομημάτων
357 933 379 977 τὸ
394 931 444 976 κατὰ
458 932 491 976 τὸν
505 936 591 989 ὄροφον,
611 937 621 976 ὅ
636 948 686 984 τινες
700 933 778 985 οἰὲτωμα
792 947 826 974 κα-

94 1008 159 1047 dauon.
185 1004 298 1055 Ἀετώματα
312 1002 337 1044 τὰ
351 1006 388 1044 τῶν
406 1007 463 1056 ἱεροῖο
482 1001 607 1055 supremam,
625 1002 722 1056 πτέρυγας
740 1005 773 1043 καί
786 1000 827 1051 [οἶε-

93 1070 127 1123 mig
141 1073 240 1113 natanto,
257 1068 396 1127 Ἀροςοφοίνης,
410 1067 447 1119 τοίς
462 1071 526 1119 οἰαίας
541 1069 633 1125 ἐρέψομεν
647 1068 697 1126 πρὸς
707 1067 771 1124 ἀετὸν,
786 1067 829 1110 ἀντὶ

94 1146 117 1182 m}
132 1139 258 1192 orepdoopsv.
286 1140 328 1179 Hoc
346 1140 390 1178 loeo
405 1139 521 1178 Pearsouius
537 1139 703 1199 arrrrotat:3,‚apud
716 1138 828 1189 Aristopha-

95 1221 141 1249 nem
155 1208 175 1247 in
190 1207 255 1248 avibus
269 1221 287 1260 p.
298 1211 346 1254 411,
365 1211 388 1248 tn
403 1218 471 1247 versus
484 1206 521 1246 iste
536 1206 563 1246 sie
579 1207 751 1258 scriptuslegitur:

208 1285 244 1336 τοίς
258 1286 296 1342 γὰρ
310 1286 363 1338 ὑμῶν
378 1287 441 1335 οἰκίας
456 1286 548 1341 ἐρέψομεν
563 1280 614 1339 πρὸς
628 1284 693 1327 αἰετόν.

97 1368 129 1405 ubi
143 1366 265 1404 scholiasta
228 1364 330 1414 tarqui:
345 1362 454 1444 ἒρεψρμεν.
478 1362 513 1406 διὰ
527 1361 552 1406 roi
567 1365 585 1406 ἰν
600 1369 642 1445 τρῖς
655 1368 711 1414 οαοίς
726 1360 830 1414 detonare

98 1431 141 1472 dori
159 1434 182 1471 τὲ
203 1429 310 1483 εεγάοομεο
324 1428 374 1485 πρὸς
388 1429 499 1483 ἀετώματα.
536 1428 577 1480 Τὰς
595 1429 632 1486 γὰρ
652 1446 690 1473 ταν
704 1434 761 1487 ἱερῶν
775 1430 831 1514 ςέμας

98 1495 160 1554 πτερὰ
175 1500 208 1540 καί
222 1495 279 1549 desig
294 1498 383 1539 uotaon

104 1610 105 1614 Ἰ
156 1566 207 1614 Quid
221 1567 298 1617 quidem
312 1566 362 1617 apud
374 1566 458 1606 Graeeos
473 1566 521 1605 haee
536 1579 572 1607 vox
586 1567 666 1607 valuerit
658 1572 675 1614 t,
695 1569 742 1607 mihi
756 1568 807 1609 videt
799 1572 830 1608 tur

99 1635 153 1675 multi
167 1647 212 1675 esse
227 1636 319 1685 quaerere
333 1634 434 1679 momenti,
460 1634 549 1684 quonium
563 1646 633 1685 graeco
647 1635 666 1674 in
681 1647 781 1683 sermone,
806 1647 830 1676 en

100 1715 148 1754 qno,
163 1700 252 1752 tanquam
268 1713 290 1741 or
303 1700 396 1745 fontibus,
417 1700 462 1738 nihil
477 1700 552 1746 dubito,
574 1701 619 1751 quin
638 1702 703 1742 hausta
723 1703 747 1742 sit
765 1703 830 1743 versio

99 1771 215 1822 aethiopica,
231 1774 318 1809 nostrum
332 1768 393 1819 liquet
406 1768 491 1807 libellum
506 1768 608 1819 aritiquitus
624 1770 725 1810 exstitisse.

154 1839 208 1880 Vers.
225 1841 256 1879 15.
274 1840 305 1889 te,
336 1837 357 1877 ln
376 1837 405 1876 his
426 1826 513 1878 uersibus
529 1837 622 1889 [prraedam
636 1839 680 1878 mihi
694 1839 790 1891 impiioata
804 1839 831 1880 ui-

99 1908 172 1946 dentur.
200 1907 254 1947 Vertiv
263 1891 382 1944 locutionem
392 1906 518 1956 aethiopicam
532 1906 644 1957 Agaron,
659 1908 701 1946 Deo
715 1908 830 1959 Agitarem

98 1975 130 2016 vel
144 1976 226 2014 Aero‘n
242 1975 311 2025 quippe
327 1984 376 2023 quae
391 1973 446 2022 plane
461 1985 505 2011 oum
515 1972 582 2012 eadem
593 1970 686 2026 congruit,
702 1960 830 2026 quaegraeee

100 2040 169 2092 legitur
183 2043 202 2079 4.
223 2051 262 2091 reg.
281 2039 301 2084 1,
317 2042 335 2077 2.
356 2038 430 2077 seilicet
448 2035 500 2078 θεὸν
517 2036 621 2093 Ἀκκάρων.
657 2041 754 2081 Confiteor
768 2047 831 2082 tamen

101 2106 217 2157 exemplum,
236 2106 256 2145 in
276 2117 314 2156 quo
333 2117 369 2145 vor
387 2104 423 2144 ista
444 2105 550 2155 aethiopieu
570 2106 599 2144 sie
620 2119 677 2146 sensu
696 2109 773 2158 proprio
792 2121 831 2147 nora

100 2169 190 2215 translato
217 2179 283 2221 sonet,
307 2185 338 2211 rne
357 2173 441 2223 reperire
461 2174 540 2211 dullum.
582 2172 636 2220 Quae
656 2175 732 2225 quidem
753 2175 831 2215 adrem

101 2243 125 2282 de
146 2242 243 2282 suadendo
265 2242 336 2281 Ahazia
356 2245 451 2279 narratam
470 2241 560 2285 attinent,
584 2242 647 2280 omnia
664 2243 683 2279 in
702 2247 766 2292 aperto
782 2249 831 2283 sunt.

101 2310 183 2362 Ambigo
197 2314 267 2355 tamen,
284 2319 322 2359 qno
340 2306 360 2346 id
373 2306 448 2353 tendat,
465 2306 516 2358 qnod
531 2306 612 2347 iiiiohoia
628 2307 651 2347 de
665 2308 762 2348 suadendo
777 2322 832 2351 aeae-

102 2377 134 2418 dit.
154 2378 286 2418 Belkiram
301 2380 364 2416 autem
378 2375 473 2415 mendose
487 2387 522 2426 pro
537 2375 561 2413 lb
570 2375 625 2414 iira
641 2377 731 2428 seriptum
742 2390 792 2424 esse,
808 2390 832 2416 ee

40 2451 42 2454 ’
103 2446 191 2497 conjicio,
208 2446 262 2498 qued
272 2458 304 2486 res
319 2446 339 2483 in
352 2444 499 2483 Belkiraet
491 2449 579 2494 tempora
593 2444 643 2483 male
657 2446 739 2496 quadrat.
762 2447 833 2486 Nihilo·

102 2515 164 2553 minus
186 2514 209 2554 ad
227 2516 333 2558 nerninem,
353 2513 390 2551 nisi
409 2511 433 2551 ad
449 2512 581 2552 Belkiram
601 2525 634 2558 ea,
658 2525 706 2564 qnae
721 2519 803 2565 soquun
803 2527 832 2560 ur

97 2584 145 2631 vpert
145 2580 203 2626 inere,
217 2581 341 2632 perspicuum
356 2583 390 2618 est

158 2647 202 2696 Cap.
216 2648 245 2686 lll.
269 2662 285 2688 v.
304 2652 319 2686 1.
358 2647 385 2694 (R
404 2646 518 2685 Laurentius
538 2629 631 2692 ostendit
660 2644 763 2687 lectionem
786 2661 832 2688 mss.

103 2715 184 2766 aethiop.
200 2713 271 2755 librarii
285 2714 341 2765 etripa
355 2725 401 2754 esse
416 2725 484 2764 eorrnp
485 2713 537 2762 mam)

157 2784 178 2825 V.
195 2786 212 2823 6.
242 2782 362 2831 (Laurentius
376 2780 427 2822 idem
441 2781 507 2829 notat.)
