1807 3145
374 176 497 212 naamanin.
750 168 803 225 ‘isi'

114 291 144 339 tt)
158 290 185 331 lbi
204 290 260 331 etiam
279 290 316 333 ridi
330 292 394 332 loeu‘m
413 293 432 333 in
452 293 510 334 altera
530 298 583 345 parte
603 291 692 336 extensae
707 295 799 348 regionis,

71 360 102 400 uhi
116 369 176 408 aquae
191 357 284 398 collectae
299 362 358 398 erant.

113 422 145 471 lli
159 419 227 475 deque
241 423 278 465 vidi
300 427 400 465 terrestres
421 425 484 466 tontes
506 425 617 467 reconditos
637 427 656 467 in
669 427 730 480 igneis
750 431 800 471 enen

72 491 172 533 columnis.
193 526 196 528 .

114 559 145 609 13)
159 559 214 601 Elin
229 559 323 600 columnis
343 560 392 600 eoeli
411 559 449 600 vidi
462 560 527 612 ignes,
549 562 581 613 qni
602 560 744 603 descendebant
759 564 800 603 sine

71 640 165 673 numero„
177 628 212 667 sed
227 640 290 679 neque
304 628 323 667 in
338 628 407 672 altum,
427 640 490 679 neque
503 630 523 668 in
537 629 657 680 profundum.
687 630 749 681 Super
763 631 800 687 hps

71 697 132 734 tontes
148 696 240 744 conspexi
255 696 330 739 locum,
355 695 388 744 qui
402 681 465 744 neque
485 695 622 736 firmamentum
637 698 688 736 eoeli
699 689 759 749 supra
772 710 799 741 se.
849 706 859 720 ⁸

71 773 134 812 neque
149 761 232 800 solidum
246 763 309 801 solum
328 761 375 801 inira
390 773 411 801 se
426 760 518 808 habetata
541 775 604 813 neque
619 775 667 814 aqua
681 764 701 803 in
715 776 739 804 eu
754 768 799 810 erat,

27 818 28 821 ¹
71 840 133 880 neque
148 829 207 891 pllum
222 829 272 870 aliud
287 842 297 871 a
311 830 380 876 letere;
398 829 434 870 sed
447 841 491 871 aren
506 836 547 875 erat
560 830 640 872 deserta.

114 899 145 946 id)
161 900 223 949 Atque
237 898 263 937 ibi
278 899 368 948 conspexi
390 903 464 949 septem
483 898 558 945 stellas,
581 910 693 950 magnorum
708 899 800 938 mentium

71 964 176 1006 ardentium
191 969 210 1004 et
224 964 323 1016 spirituum
337 964 396 1004 instar
409 976 441 1004 me
455 965 564 1016 rogitantes.

117 1031 148 1077 15)
164 1031 213 1071 Tum
228 1032 307 1083 angelus
323 1031 377 1077 dixit:
391 1032 427 1071 Hie
438 1033 493 1071 loeus
508 1032 603 1084 usquead
617 1036 801 1074 eonsunnnationem

71 1101 121 1141 eoeli
135 1105 154 1140 et
167 1105 228 1140 terrae
244 1111 310 1140 career
325 1100 360 1140 erit
374 1099 471 1139 stellarum
486 1103 505 1137 et
519 1099 570 1138 coeli
584 1105 706 1139 catervarum.

114 1168 146 1217 td)
161 1168 239 1215 Stellae,
255 1180 304 1220 quae
314 1180 372 1219 super
381 1169 445 1219 ignem
455 1168 562 1214 volvuntur,
575 1180 609 1209 eae
618 1174 669 1215 snut,
684 1179 731 1220 quae
741 1175 802 1209 trans·

71 1248 148 1288 gressae
163 1241 207 1276 sunt
221 1237 337 1277 voluntatem
351 1237 399 1282 Dei,
421 1236 531 1287 priusquam
546 1239 621 1286 tempus
636 1247 701 1276 earum
715 1236 802 1280 advenit;

70 1315 115 1342 riam
129 1314 168 1342 non
182 1309 276 1343 uenerunt
293 1315 328 1341 suo
343 1308 435 1353 tempure.
455 1303 508 1350 -Qua
522 1315 543 1342 re
557 1305 616 1343 iratus
631 1309 660 1344 est
674 1304 697 1342 iis
712 1309 733 1343 et
744 1305 802 1343 vinxit

71 1383 116 1417 eaS,
137 1381 198 1421 usque
217 1370 240 1409 ad
260 1375 334 1419 tempus
356 1369 525 1408 consummationis
547 1382 621 1419 poenae
640 1380 704 1408 earum
718 1369 738 1408 in
752 1380 801 1409 anno

72 1442 153 1478 secreto.

373 1527 434 1564 CAP.
454 1526 501 1564 XIX.

129 1620 146 1667 l)
162 1617 210 1657 Turn
224 1616 276 1657 llriel
292 1618 345 1658 dixit:
366 1619 417 1658 Eece
432 1615 504 1668 angeli,
526 1615 558 1667 qui
572 1626 616 1654 eum
629 1613 741 1654 mulieribus
756 1625 801 1653 eon-

73 1690 189 1733 euhuernnt,
209 1686 308 1736 ducesque
322 1686 359 1726 sibi
373 1686 519 1728 constituerere

127 1755 147 1802 2)
160 1756 184 1794 Et
193 1755 291 1793 numerosi
303 1758 415 1805 apparentes
429 1751 575 1803 inquinaverunt
584 1749 678 1796 homines,
689 1754 708 1791 et
717 1750 802 1791 iecerunt

73 1835 106 1863 eus
122 1835 196 1869 errare,
211 1823 244 1862 na
259 1827 279 1861 nt
293 1821 373 1861 diabolis
393 1819 515 1858 immolarent
532 1817 582 1856 sieut
595 1817 642 1856 Diis.
670 1816 719 1856 Nem
733 1828 802 1866 magno

73 1889 103 1930 die
111 1887 163 1941 [erit]
171 1888 271 1939 judicium,
281 1887 313 1927 rrhi
322 1887 464 1937 judicabuntur,
476 1885 538 1924 donee
547 1883 615 1934 perditi
630 1887 694 1929 earne
704 1886 723 1922 et
734 1895 802 1922 errores

73 1968 140 1995 eornm
154 1969 215 2007 aeque
230 1961 285 1996 erunt
303 1953 425 2007 [prdiearae],
449 1964 503 2011 quae
515 1951 632 1991 seduxerunt
651 1950 739 2003 angelos,
761 1950 802 1988 sine

72 2024 186 2065 resistentia.

95 2072 97 2074 V
129 2091 148 2139 3]
163 2090 186 2130 Et
200 2102 248 2142 ego,
270 2089 348 2134 Enoeh,
370 2099 406 2139 ego
422 2087 475 2126 solus
489 2086 528 2127 vidi
547 2081 688 2125 similitudinem
706 2084 749 2122 nnis
765 2095 803 2122 om-

74 2160 126 2200 nium
140 2170 208 2200 rerum.
237 2157 303 2210 Neque
318 2157 368 2197 ullus
383 2155 468 2196 mortalis
482 2154 527 2195 vidit
542 2165 595 2199 eam,
618 2148 668 2192 sieut
681 2163 718 2203 ego
732 2149 776 2190 ridi.

381 2279 441 2320 GAP.
462 2278 500 2319 XX.

133 2373 151 2421 t)
166 2372 219 2413 Haec
234 2375 279 2411 sunt
292 2370 369 2410 nomina
384 2368 505 2419 angelorum,
525 2365 556 2417 qni
571 2365 653 2415 vigilant.

131 2444 151 2490 2)
164 2440 229 2486 Unel,
252 2450 301 2478 unus
322 2449 345 2477 ex
363 2437 434 2476 sanetis
455 2435 539 2486 angelis,
563 2432 595 2484 qui
616 2429 706 2484 [praeest]
728 2432 807 2471 clamori

76 2515 96 2551 et
109 2510 183 2552 terreri.

132 2578 151 2626 3]
166 2575 261 2628 Rephael,
277 2584 326 2613 rmus
341 2585 363 2613 ex
378 2572 449 2613 sanetis
464 2570 543 2622 angelis,
559 2569 591 2621 qui
606 2566 695 2620 [praeest]
710 2565 807 2616 spiritibus

78 2642 181 2684 hominurn.

133 2712 153 2760 4)
167 2711 251 2763 Bogud,
267 2719 316 2749 unns
332 2719 354 2749 ex
369 2703 440 2756 sanetis
456 2706 539 2759 angelis,
555 2704 587 2756 qui
601 2701 669 2755 poenis
684 2699 741 2742 attreit
755 2711 819 2739 mun-2

79 2778 123 2818 dum
138 2783 158 2820 et
171 2777 275 2820 luminaria
