1807 3145
75 176 77 178 ι
119 196 159 236 350
411 186 436 219 De
447 191 501 221 morte
512 184 567 219 alosis.

118 308 199 362 populus
211 305 233 344 in
249 302 350 343 conflando
364 302 423 343 vitulo
435 301 528 353 peccauit,
544 304 565 340 ut
578 299 605 339 uu
619 309 725 349 parcerem,
740 299 850 355 impetrasti·

118 379 198 429 Legem,
213 385 270 426 quarn
285 372 308 415 de
322 370 401 412 nomine
415 382 458 410 meo
471 382 533 411 uoco:
547 361 595 410 Len
608 366 708 410 Domini
725 367 850 420 perfecta,

119 444 143 487 de
163 448 197 486 tuo
220 451 296 491 quoque
316 431 394 479 vocavi:
418 437 573 477 Mementote
593 435 661 484 legis
681 433 762 477 llo'sis
785 437 851 477 servi

118 513 171 553 mei.
200 511 254 561 Ipsos
269 507 365 548 Israelitas
380 510 399 545 et
412 504 505 557 populum
524 515 600 550 meum,
624 506 643 541 et
661 502 753 560 populum
776 513 851 554 quoque

120 586 174 628 tuum
189 577 287 630 appellavi.
307 576 348 628 ugo
363 588 399 615 nec
414 574 458 613 cibo
476 586 512 614 nec
527 577 573 629 polu
588 583 647 623 egea,
661 570 715 622 quod
728 570 762 614 tibi
777 582 852 622 quoque

118 648 185 697 tribui:
214 650 239 685 el
262 644 311 684 luit
334 643 370 682 ibi
394 641 565 694 quadraginta
589 643 681 684 noctes
704 643 726 684 et
749 637 852 687 totidem

120 717 183 764 dies,
197 724 290 767 panem
308 723 355 750 non
374 710 484 754 comedit
502 714 525 748 ct
543 720 628 765 aquam
646 720 693 746 non
711 708 779 752 bibit.
811 709 851 761 llgo

119 784 173 824 Deus
187 794 257 829 vocor,
273 784 292 820 et
305 783 326 819 tu
339 790 427 833 quoque:
445 778 508 817 llcce
524 776 581 816 dedi
598 779 622 817 te
636 775 711 815 Deum
722 775 857 835 Pharaoni.-

120 852 153 893 Me
168 851 232 892 nullus
246 849 356 894 mortalium
371 847 459 898 aspicere
473 850 543 898 potest,
558 856 621 902 neque
635 849 664 884 te:
680 848 704 883 et
718 844 854 889 timuerunt

121 919 320 970 appropinquare
336 915 363 955 ad
378 927 436 954 eum.
459 916 488 954 De
507 927 538 954 me
557 913 635 963 scripsi:
653 912 756 954 Videbis
775 919 854 963 posto-

120 989 185 1028 rlora
203 997 263 1032 mea,
281 983 307 1023 de
325 988 344 1023 te
362 983 443 1035 pariter,
468 986 490 1021 et
513 983 664 1033 aspexerunt
686 984 742 1032 post
760 979 853 1023 Mosen.

121 1056 162 1096 Tua
176 1066 234 1107 opera
252 1057 280 1092 tot
300 1051 392 1105 miracula
405 1050 472 1090 Israeli
488 1049 568 1095 ostendi,
584 1050 672 1100 Aegypto
687 1047 753 1095 eduxi,
766 1061 821 1092 vmare
835 1049 854 1092 in
893 1084 894 1087 ,

121 1124 223 1177 duodecim
241 1122 282 1170 vias
301 1120 359 1167 scidi,
382 1132 417 1171 per
439 1118 489 1158 illud
508 1119 533 1158 in
551 1129 621 1158 manu
639 1118 688 1158 alta
711 1123 734 1158 et
752 1123 854 1160 extenso

120 1178 222 1237 bradeia
236 1192 317 1229 transire
330 1188 389 1238 jussi,
406 1199 463 1238 aquas
479 1199 551 1225 arueras
565 1188 585 1224 in
600 1186 667 1228 dulces
687 1187 783 1232 converti,
802 1198 855 1227 man-

121 1273 165 1301 nam
179 1265 199 1299 ct
212 1257 322 1305 coturnices
338 1253 479 1301 deuteruna
494 1252 541 1293 Sion
561 1256 580 1292 et
595 1251 624 1304 Og
642 1253 733 1306 pugnavi,
753 1253 817 1308 legem
836 1253 856 1296 et

90 1371 91 1374 ,
123 1332 212 1371 sexcenta
224 1325 319 1368 tredecim
336 1327 439 1376 praecepta
458 1322 529 1373 populo
544 1321 622 1367 tradidi,
641 1322 721 1362 totidem
736 1323 855 1381 affirmantia

89 1441 91 1443 ,
123 1403 169 1448 quot
189 1397 209 1435 in
231 1395 309 1434 homine
330 1393 415 1432 membra
438 1396 491 1436 sunl,
514 1390 582 1431 decem
601 1390 676 1430 scilicet
697 1396 716 1430 et
735 1392 857 1443 quadraginta

123 1472 179 1511 octo:
192 1462 281 1515 negantia
295 1474 353 1505 uero,
376 1464 422 1512 quot
442 1460 462 1497 in
483 1470 532 1497 anno
555 1457 602 1496 dies.
632 1457 683 1496 Satis
705 1470 801 1516 superque
815 1459 855 1505 tibi,

122 1542 176 1576 nunc
196 1527 267 1568 tosoae
295 1542 340 1569 cura
361 1529 421 1565 lsrael
446 1526 526 1576 regendi
549 1525 646 1567 incumbit.
678 1526 750 1566 Rector
774 1527 857 1568 futurum

123 1599 204 1637 alterum
218 1600 314 1635 rectorem
328 1605 367 1634 non
378 1594 463 1644 impedit.
487 1593 536 1643 (Hoc
550 1593 706 1637 voluitSalomo;
722 1596 749 1635 llt
764 1582 858 1635 oooirlit

124 1662 166 1707 Sol
188 1666 211 1707 et
230 1665 301 1700 ortus
322 1665 361 1701 est
382 1661 430 1699 Sol.
458 1661 507 1699 Cum
527 1661 598 1700 occidit
612 1660 647 1699 Sol
661 1660 732 1708 mosis,
755 1666 808 1706 ortus
826 1663 858 1703 ‚est

125 1732 159 1774 Sol
179 1730 263 1778 iosuae.)
291 1730 341 1770 uros.
355 1729 448 1774 Domine,
473 1740 544 1780 quaeso
565 1729 599 1768 filil
620 1728 658 1768 mei
679 1729 744 1772 locum
759 1731 858 1772 obtineant

123 1810 198 1845 meum,
218 1798 349 1848 populumque
369 1801 441 1847 regant.
465 1797 505 1835 lle.
528 1798 570 1839 Hoc
586 1788 663 1836 ¹iosuae
687 1809 803 1845 concessum
822 1802 857 1838 est.

124 1866 174 1908 laos.
196 1867 221 1911 dt
242 1865 310 1910 saltem
326 1864 409 1905 laroois
430 1864 494 1904 fratris
513 1865 552 1917 mel
570 1863 609 1904 filli.
637 1864 673 1904 De.
695 1865 754 1906 tosua
773 1866 818 1912 illos
838 1867 857 1905 iu

124 1938 195 1972 terram
206 1932 323 1976 introducet.
352 1932 387 1970 His
403 1932 479 1970 annium
494 1932 545 1970 curis
560 1932 629 1972 Mosen
644 1932 696 1971 Deus
714 1932 752 1971 hoc
773 1933 857 1984 alloquio

125 2002 198 2042 solatus
219 2005 257 2040 est:
279 1989 326 2040 nibil
340 1999 427 2047 tristare,
450 1998 483 2039 ille
504 1990 541 2051 qui¹
556 1998 647 2054 populum
666 2004 726 2053 reget,
745 2000 770 2045 ad
784 2001 858 2048 Eleueri

123 2069 201 2120 januam
215 2069 278 2116 stabit,
293 2074 323 2108 ut:
337 2069 365 2109 ut
379 2072 433 2119 ante
443 2068 588 2120 Eleazarum
602 2067 762 2121 Sacerdotem
777 2070 857 2127 stabit.

124 2140 182 2190 Regis
194 2138 287 2188 enemplo,
303 2138 335 2176 cui
345 2136 396 2175 filius
411 2150 471 2188 regno
486 2138 549 2176 minus
563 2137 644 2190 idoneus
659 2141 711 2176 erat:
724 2139 782 2190 igitur
793 2140 871 2178 amico

125 2205 306 2258 reguumtradidit,
321 2206 358 2242 lrac
371 2209 435 2243 tamen
449 2206 504 2255 lege,
519 2209 540 2248 ut
554 2205 614 2244 filium
635 2206 717 2252 coleret,
739 2206 819 2260 eJ'usque
835 2208 858 2248 ad

125 2279 200 2326 portam
215 2276 279 2313 staret.
308 2272 335 2312 lta
349 2270 401 2310 Dens
417 2283 462 2330 erga
476 2262 536 2311 Josue
551 2284 572 2311 se
588 2272 656 2323 gessit,
673 2284 741 2323 quero,
756 2275 801 2315 licet
813 2280 867 2316 oon?

126 2354 183 2383 cesso
197 2342 328 2385 israelitarum
342 2339 425 2388 ducatu,
437 2344 500 2380 tamen
513 2340 624 2381 Eleazarum
639 2342 703 2392 colere
712 2342 779 2396 jussit.
801 2345 857 2385 lnitio

126 2412 198 2450 mensis
218 2410 269 2449 adar
289 2410 335 2449 dixit
348 2410 401 2457 Deus
416 2408 479 2449 lldosi:
499 2409 556 2449 Mose
569 2415 612 2455 est,
635 2411 686 2461 quod
700 2405 764 2455 tecum
785 2413 857 2467 loquar.
890 2420 891 2423 ’

126 2479 176 2520 Mos.
191 2478 279 2527 Loquere
293 2478 375 2525 Domine
395 2482 416 2517 et
436 2478 502 2518 audiet
519 2489 589 2522 seruus
612 2482 661 2518 tuus.
692 2479 728 2518 De.
742 2479 750 2519 l
762 2480 823 2520 modo
838 2482 857 2523 el

127 2546 212 2589 ascende
225 2545 245 2585 in
260 2550 345 2588 morat-em
359 2546 447 2593 Abarim,
470 2547 487 2587 is
509 2550 538 2587 est
551 2546 611 2587 Neho.
640 2546 720 2588 Gauisus
741 2548 857 2595 estllloses,

128 2626 232 2668 secumque
245 2616 350 2669 cogitabat:
364 2615 409 2654 mihi
420 2604 539 2666 adolescenti
552 2616 651 2667 imperavit
666 2616 717 2662 olim,
732 2621 754 2655 ul
765 2612 857 2658 aseende-

127 2695 179 2729 rem,
192 2684 279 2734 duasque
291 2682 379 2735 'lapideas
393 2683 466 2722 tabulas
480 2683 548 2734 ingens
563 2674 717 2728 munus'trlbuit,
728 2683 813 2725 tortasse
827 2684 858 2726 vel

128 2750 165 2792 alio
186 2762 218 2792 me
239 2752 352 2799 cumulabit,
373 2751 404 2794 vel
424 2763 517 2804 magnum,
535 2750 605 2805 aliquid
624 2752 686 2792 oculis
701 2751 785 2796 arbitrari
801 2753 857 2795 dabit.

126 2822 162 2861 De.
176 2819 266 2866 narreris,
287 2820 356 2868 mose,
378 2833 417 2860 uon
431 2821 457 2861 ita
471 2833 502 2864 res
524 2825 562 2869 est,
583 2822 626 2873 lege
645 2822 680 2861 tibi
699 2834 794 2868 concessa
811 2821 857 2872 nihil
