1807 3145
356 183 479 238 0000111110,
655 216 656 219 “
696 204 698 211 ”
745 210 783 248 137

106 321 125 368 7)
140 318 189 359 Turn
204 331 250 372 ego,
265 320 343 365 Enoch,
358 320 449 371 respondi
463 320 545 359 dicense
560 320 583 360 de
599 319 651 360 omni
665 331 686 359 re
701 320 782 372 cupidus
830 352 835 358 ,

53 400 94 430 sum
109 386 235 437 cognitionis,
256 387 291 426 sed
305 388 408 438 praecipue
422 388 446 427 de
461 389 497 427 hac
507 384 584 426 arbore.

106 452 125 502 8)
140 453 338 505 Angelusrespondit
358 454 403 493 milri
419 453 495 494 dicens:
519 454 550 493 hic
565 466 630 500 mons,
652 465 708 505 quem
722 455 782 500 vides,

53 523 106 574 cujus
121 525 177 573 caput
190 523 227 564 late
241 527 308 573 patens
323 522 401 562 Domini
419 522 602 574 thronum‘aequat,
618 522 675 564 sedes
690 523 735 568 erit,
749 522 782 562 ubi

56 590 128 632 sedebit
143 594 220 630 sanctus
234 594 253 630 et
262 601 341 641 magnus
353 590 424 641 gloriae
435 590 535 636 Dominus,
551 602 584 630 reu
596 595 691 644 aeternus,
706 589 782 642 quando

55 658 117 699 veniet
131 661 150 695 et
164 656 269 695 descendet
283 656 307 695 ad
320 661 390 695 terram
404 651 502 696 uisendam
517 669 559 695 cum
574 659 665 697 bonitate.

106 722 126 771 91
141 722 194 762 Hanc
209 722 297 763 arborem
312 723 375 763 suavis
389 723 459 770 odoris,
474 736 512 763 uon
524 725 604 768 carnalis
617 725 710 774 [odoris],
725 735 783 763 nemo

52 801 133 842 unquam
154 794 218 841 tanget
233 801 299 842 >usque
319 780 425 841 ud‘magni
444 791 511 840 judicii
531 797 612 842 tempus.
649 785 698 831 Cumv
715 802 783 829 omnes

54 858 113 911 puniti
128 862 147 897 et
160 857 228 908 perditi
244 864 298 898 erunt
313 858 332 897 in
347 863 451 906 aeternum,
466 859 514 898 baec
527 859 611 899 tradetur
618 857 676 907 justis
691 864 711 898 et
724 859 784 897 hurni-

52 926 106 966 libus.
135 925 216 965 Fructus
237 925 279 975 ejus
301 926 393 974 [arboris]
409 918 484 966 dabitur
497 926 570 965 electis.
599 926 646 964 Nam
660 938 727 965 versus
743 938 785 976 sep-

53 992 166 1033 tentrionem
185 992 221 1033 vita
234 991 355 1046 plantabitur
375 994 394 1032 in
415 992 552 1039 locosancto,
577 1003 645 1033 versus
666 992 784 1031 domicilium

53 1062 125 1101 aeterni
140 1061 198 1113 regis.

98 1128 128 1176 ro)
143 1128 192 1167 Tum
202 1128 304 1167 admodum
314 1128 460 1167 laetabunturet
469 1127 618 1167 exsultabuntur
629 1127 705 1167 Sancto.
717 1127 785 1167 Suavis

52 1196 100 1233 odor
114 1196 190 1234 intrabit
205 1208 249 1234 ossa
264 1208 342 1241 eorum,
357 1201 377 1234 et
390 1195 467 1245 longam
480 1196 538 1234 uitam
552 1195 616 1235 vivent
629 1196 649 1233 in
664 1198 725 1238 terra,
742 1205 786 1243 qua-

53 1262 92 1300 lem
105 1261 171 1312 proavi
186 1262 212 1301 tui
227 1262 324 1306 vixerunt,
343 1273 405 1313 neque
419 1273 454 1312 per·
468 1261 509 1301 dies
525 1273 591 1301 eorum
607 1272 660 1306 eura,
682 1260 785 1304 calamitas,

54 1329 140 1369 molestia
155 1333 175 1368 et
188 1340 251 1378 poena
266 1340 300 1367 eos
315 1329 391 1378 affliget.

95 1396 126 1445 11)
140 1396 163 1436 111
176 1395 250 1436 laudavi
265 1396 369 1435 Dominum
383 1395 465 1447 gloriae,
481 1408 546 1446 regern
562 1400 671 1441 aeternum,
694 1394 783 1445 quoniam

54 1451 113 1510 [barre
125 1463 221 1511 arborem]
236 1465 364 1513 praepararit,
387 1457 496 1512 sanctisque
511 1464 591 1508 creauit,
613 1468 632 1502 01
646 1461 744 1513 promisit,
764 1473 785 1499 se

52 1531 99 1570 hanc
114 1530 137 1568 iis
152 1528 245 1569 daturum.

352 1620 411 1659 GdP.
431 1619 487 1660 XXV.

110 1698 127 1745 1)
142 1697 187 1738 inde
209 1685 297 1751 processi
318 1698 341 1737 ad
363 1703 449 1737 centrum
469 1702 540 1743 1000ος
567 1704 586 1737 01
607 1698 698 1749 conspexi
720 1698 784 1737 locum

52 1764 129 1804 beatum
143 1778 165 1805 ac
174 1764 261 1809 fertilem,
277 1765 309 1814 qiu
318 1776 382 1806 ramos
397 1763 546 1814 amplectebatur
556 1765 647 1805 continuo
658 1766 786 1816 germinantes

53 1843 82 1886 er
95 1832 194 1871 arboribus
219 1832 245 1870 ibi
267 1832 361 1882 plantatis.
401 1831 473 1871 ibidem
493 1832 531 1871 uidi
544 1833 627 1874 'sacrum
647 1837 743 1878 montem,
768 1836 787 1871 et

53 1899 126 1947 subeo
142 1912 210 1950 aquaur
231 1901 250 1941 in
264 1900 323 1939 latere
339 1899 435 1945 orientali,
458 1911 506 1950 quae
521 1912 587 1941 versus
602 1905 668 1943 notum
685 1900 785 1942 defluebat.

54 1966 148 2017 Conspeui
167 1969 223 2007 etiarn
238 1967 256 2005 in
272 1968 346 2006 oriente
361 1968 440 2005 alterum
459 1972 543 2006 montem
558 1979 617 2018 aeque
632 1969 740 2013 excelsum,
765 1973 784 2013 et

53 2033 101 2072 inter
116 2044 150 2072 eos
165 2033 224 2070 valles
239 2036 293 2070 erant
306 2032 423 2081 profundae,
443 2044 506 2082 neque
520 2045 566 2071 vero
580 2033 636 2072 latae.

108 2098 196 2149 ‘linqua
206 2097 276 2138 fluebat
285 2110 352 2138 versus
368 2101 453 2137 montem
463 2098 486 2141 ad
501 2098 640 2141 occidentalem
651 2099 693 2150 ejus
703 2107 785 2152 partem;

54 2171 73 2205 et
88 2166 169 2217 desuper
184 2167 231 2207 alter
245 2178 301 2207 mons
316 2171 361 2207 erat.

111 2237 130 2284 3)
145 2237 285 2277 ibidemvallis
301 2241 351 2282 erat,
366 2248 429 2287 neque
443 2248 488 2276 vero
503 2236 550 2283 lata,
565 2238 600 2277 sub
615 2238 657 2283 illo;
680 2241 699 2277 et
712 2237 787 2277 mediae

54 2299 102 2340 inter
119 2313 153 2343 eos
165 2303 216 2342 altae
235 2307 289 2342 erant
307 2303 366 2341 valles
384 2301 490 2352 profundae
505 2304 603 2341 01510000
617 2316 684 2343 uersus
699 2304 787 2342 extremi-

54 2368 110 2407 tatem
123 2363 181 2410 trium
195 2369 293 2408 montium.
315 2369 395 2408 ‘Omnes
410 2369 445 2408 hae
460 2368 525 2415 valles,
541 2379 589 2420 qirae
603 2369 710 2420 profundae
725 2375 785 2416 erant,

54 2444 115 2486 neque
129 2449 175 2478 uero
190 2437 248 2482 latae,
270 2448 292 2476 ex
311 2436 383 2487 ingenti
404 2447 449 2475 saxo
471 2437 611 2483 consistebant,
636 2437 656 2476 in
675 2450 713 2490 quo
730 2438 787 2478 arbor

54 2501 140 2551 plantata.
177 2507 200 2550 Et
219 2505 321 2549 admiratus
341 2516 383 2546 sum
401 2515 466 2549 saxum
486 2504 589 2554 01001100,
615 2516 692 2551 summo
707 2511 785 2561 stupore

56 2569 143 2619 repletus.

344 2635 407 2689 ca'r.
429 2648 492 2689 xxvi.

112 2726 128 2774 11
144 2728 193 2768 Tum
208 2728 254 2767 diri:
277 2727 323 2779 quid
337 2726 444 2779 significant
458 2728 506 2767 haec
520 2729 563 2767 loca
577 2728 643 2774 beata,
667 2741 734 2769 omnes
748 2729 784 2769 bae
801 2729 804 2731 ’

56 2792 142 2837 excelsae
157 2796 245 2842 arbores,
267 2799 286 2836 et
299 2795 354 2837 vallis
369 2795 470 2841 maledicta
485 2797 534 2837 inter
548 2794 597 2836 eas?
