<?xml version="1.0" encoding="UTF-8"?>
<!DOCTYPE html PUBLIC "-//W3C//DTD XHTML 1.0 Transitional//EN"
    "http://www.w3.org/TR/xhtml1/DTD/xhtml1-transitional.dtd">
<html xmlns="http://www.w3.org/1999/xhtml" xml:lang="en" lang="en">
 <head>
  <title>
</title>
<meta http-equiv="Content-Type" content="text/html;charset=utf-8" />
  <meta name='ocr-system' content='tesseract 3.04.00' />
  <meta name='ocr-capabilities' content='ocr_page ocr_carea ocr_par ocr_line ocrx_word'/>
</head>
<body>
  <div class='ocr_page' id='page_1' title='image "./MN41907ucmf_4_0457.png"; bbox 0 0 1807 3145; ppageno 0'>
   <div class='ocr_carea' id='block_1_1' title="bbox 317 166 788 217">
    <p class='ocr_par' dir='ltr' id='par_1_1' title="bbox 317 166 788 217">
     <span class='ocr_line' id='line_1_1' title="bbox 317 166 788 217; baseline -0.011 -15"><span class='ocrx_word' id='word_1_1' title='bbox 317 166 450 213; x_wconf 70' lang='lat' dir='ltr'>Deproplretiis</span> <span class='ocrx_word' id='word_1_2' title='bbox 457 166 529 217; x_wconf 76' lang='grc'><strong>11331131,</strong></span> <span class='ocrx_word' id='word_1_3' title='bbox 742 172 788 213; x_wconf 35' lang='lat'>425,-</span> 
     </span>
    </p>
   </div>
   <div class='ocr_carea' id='block_1_2' title="bbox 53 281 789 479">
    <p class='ocr_par' dir='ltr' id='par_1_2' title="bbox 53 281 789 479">
     <span class='ocr_line' id='line_1_2' title="bbox 54 281 788 344; baseline 0.001 -18"><span class='ocrx_word' id='word_1_4' title='bbox 54 289 73 326; x_wconf 88' lang='lat' dir='ltr'>et</span> <span class='ocrx_word' id='word_1_5' title='bbox 88 281 164 332; x_wconf 73' lang='lat' dir='ltr'>diuersa</span> <span class='ocrx_word' id='word_1_6' title='bbox 176 285 279 344; x_wconf 84' lang='lat' dir='ltr'>torcularia</span> <span class='ocrx_word' id='word_1_7' title='bbox 293 285 374 330; x_wconf 80' lang='lat' dir='ltr'>vexabit·</span> <span class='ocrx_word' id='word_1_8' title='bbox 400 284 493 337; x_wconf 86' lang='lat' dir='ltr'>Imposito</span> <span class='ocrx_word' id='word_1_9' title='bbox 512 284 556 327; x_wconf 88' lang='lat' dir='ltr'>vino</span> <span class='ocrx_word' id='word_1_10' title='bbox 575 283 788 329; x_wconf 67' lang='grc' dir='ltr'>133133131333333,3333·ἶ</span> 
     </span>
     <span class='ocr_line' id='line_1_3' title="bbox 53 353 789 419; baseline 0.001 -25"><span class='ocrx_word' id='word_1_11' title='bbox 53 354 111 401; x_wconf 90' lang='grc'><strong>33133,</strong></span> <span class='ocrx_word' id='word_1_12' title='bbox 132 358 152 394; x_wconf 87' lang='grc'>33</span> <span class='ocrx_word' id='word_1_13' title='bbox 161 354 277 406; x_wconf 51' lang='lat' dir='ltr'>‘postposito</span> <span class='ocrx_word' id='word_1_14' title='bbox 296 353 355 393; x_wconf 89' lang='lat' dir='ltr'>coelo</span> <span class='ocrx_word' id='word_1_15' title='bbox 373 354 392 394; x_wconf 89' lang='lat' dir='ltr'>in</span> <span class='ocrx_word' id='word_1_16' title='bbox 412 359 482 395; x_wconf 84' lang='lat' dir='ltr'>terram</span> <span class='ocrx_word' id='word_1_17' title='bbox 496 354 607 419; x_wconf 72' lang='lat' dir='ltr'>respicient-</span> <span class='ocrx_word' id='word_1_18' title='bbox 621 354 789 410; x_wconf 77' lang='grc'><strong>3331333333</strong></span> 
     </span>
     <span class='ocr_line' id='line_1_4' title="bbox 54 422 788 479; baseline -0.001 -13"><span class='ocrx_word' id='word_1_19' title='bbox 54 427 141 466; x_wconf 87' lang='lat' dir='ltr'>avertent</span> <span class='ocrx_word' id='word_1_20' title='bbox 155 423 235 475; x_wconf 79' lang='lat' dir='ltr'>sydera,</span> <span class='ocrx_word' id='word_1_21' title='bbox 250 428 269 464; x_wconf 90' lang='lat' dir='ltr'>et</span> <span class='ocrx_word' id='word_1_22' title='bbox 283 422 360 464; x_wconf 86' lang='lat' dir='ltr'>solitum</span> <span class='ocrx_word' id='word_1_23' title='bbox 375 434 453 465; x_wconf 87' lang='lat' dir='ltr'>cursum</span> <span class='ocrx_word' id='word_1_24' title='bbox 467 422 589 465; x_wconf 78' lang='lat' dir='ltr'>confundent.</span> <span class='ocrx_word' id='word_1_25' title='bbox 610 422 697 465; x_wconf 76' lang='lat' dir='ltr'>Arebunt</span> <span class='ocrx_word' id='word_1_26' title='bbox 706 429 788 479; x_wconf 82' lang='lat' dir='ltr'>segetes·</span> 
     </span>
    </p>
   </div>
   <div class='ocr_carea' id='block_1_3' title="bbox 53 490 858 546">
    <p class='ocr_par' dir='ltr' id='par_1_3' title="bbox 53 490 858 546">
     <span class='ocr_line' id='line_1_5' title="bbox 53 490 858 546; baseline 0 -14"><span class='ocrx_word' id='word_1_27' title='bbox 53 492 83 546; x_wconf 87' lang='lat' dir='ltr'>his</span> <span class='ocrx_word' id='word_1_28' title='bbox 97 491 237 546; x_wconf 79' lang='lat' dir='ltr'>indignantibus</span> <span class='ocrx_word' id='word_1_29' title='bbox 253 497 272 532; x_wconf 91' lang='lat' dir='ltr'>et</span> <span class='ocrx_word' id='word_1_30' title='bbox 286 490 354 531; x_wconf 88' lang='lat' dir='ltr'>humor</span> <span class='ocrx_word' id='word_1_31' title='bbox 368 494 447 533; x_wconf 83' lang='lat' dir='ltr'>converri</span> <span class='ocrx_word' id='word_1_32' title='bbox 467 492 573 544; x_wconf 84' lang='lat' dir='ltr'>negabitur.</span> <span class='ocrx_word' id='word_1_33' title='bbox 601 491 683 544; x_wconf 83' lang='lat' dir='ltr'>Radices</span> <span class='ocrx_word' id='word_1_34' title='bbox 701 493 787 535; x_wconf 73' lang='lat' dir='ltr'>alrami</span> <span class='ocrx_word' id='word_1_35' title='bbox 856 539 858 541; x_wconf 15' lang='lat' dir='ltr'>q</span> 
     </span>
    </p>
   </div>
   <div class='ocr_carea' id='block_1_4' title="bbox 32 560 801 2655">
    <p class='ocr_par' dir='ltr' id='par_1_4' title="bbox 32 560 801 2655">
     <span class='ocr_line' id='line_1_6' title="bbox 53 560 785 612; baseline -0.001 -10"><span class='ocrx_word' id='word_1_36' title='bbox 53 562 105 603; x_wconf 78' lang='lat' dir='ltr'>aloes</span> <span class='ocrx_word' id='word_1_37' title='bbox 126 560 236 606; x_wconf 88' lang='lat' dir='ltr'>mutabunt,</span> <span class='ocrx_word' id='word_1_38' title='bbox 258 562 371 612; x_wconf 85' lang='lat' dir='ltr'>rrovltasque</span> <span class='ocrx_word' id='word_1_39' title='bbox 391 563 420 599; x_wconf 90' lang='lat' dir='ltr'>rei</span> <span class='ocrx_word' id='word_1_40' title='bbox 441 563 477 600; x_wconf 90' lang='lat' dir='ltr'>erit</span> <span class='ocrx_word' id='word_1_41' title='bbox 494 563 516 600; x_wconf 91' lang='lat' dir='ltr'>in</span> <span class='ocrx_word' id='word_1_42' title='bbox 533 561 785 612; x_wconf 76' lang='lat' dir='ltr'>miraculum.:..sp1endor</span> 
     </span>
     <span class='ocr_line' id='line_1_7' title="bbox 53 626 789 680; baseline -0.003 -12"><span class='ocrx_word' id='word_1_43' title='bbox 53 628 101 668; x_wconf 88' lang='lat' dir='ltr'>solis</span> <span class='ocrx_word' id='word_1_44' title='bbox 121 628 194 667; x_wconf 90' lang='lat' dir='ltr'>electro</span> <span class='ocrx_word' id='word_1_45' title='bbox 213 626 304 669; x_wconf 76' lang='lat' dir='ltr'><strong>Mercurii</strong></span> <span class='ocrx_word' id='word_1_46' title='bbox 324 627 432 677; x_wconf 77' lang='lat' dir='ltr'>languebit,</span> <span class='ocrx_word' id='word_1_47' title='bbox 452 634 471 668; x_wconf 89' lang='lat' dir='ltr'>et</span> <span class='ocrx_word' id='word_1_48' title='bbox 489 629 525 669; x_wconf 89' lang='lat' dir='ltr'>erit</span> <span class='ocrx_word' id='word_1_49' title='bbox 543 628 620 668; x_wconf 86' lang='lat' dir='ltr'>horror·</span> <span class='ocrx_word' id='word_1_50' title='bbox 631 629 789 680; x_wconf 58' lang='lat' dir='ltr'>inspicientibus,</span> 
     </span>
     <span class='ocr_line' id='line_1_8' title="bbox 52 694 785 749; baseline -0.003 -12"><span class='ocrx_word' id='word_1_51' title='bbox 52 695 134 738; x_wconf 86' lang='lat' dir='ltr'>Mutabit</span> <span class='ocrx_word' id='word_1_52' title='bbox 148 694 237 748; x_wconf 73' lang='lat' dir='ltr'>clypeum</span> <span class='ocrx_word' id='word_1_53' title='bbox 247 694 322 736; x_wconf 75' lang='lat' dir='ltr'>Stilbon</span> <span class='ocrx_word' id='word_1_54' title='bbox 334 695 438 743; x_wconf 77' lang='lat' dir='ltr'>Arcadiae,-</span> <span class='ocrx_word' id='word_1_55' title='bbox 449 696 528 738; x_wconf 79' lang='lat' dir='ltr'>vocabit</span> <span class='ocrx_word' id='word_1_56' title='bbox 537 697 633 740; x_wconf 79' lang='lat' dir='ltr'>Venerem</span> <span class='ocrx_word' id='word_1_57' title='bbox 644 696 698 749; x_wconf 81' lang='lat' dir='ltr'>galea</span> <span class='ocrx_word' id='word_1_58' title='bbox 709 696 785 739; x_wconf 83' lang='lat' dir='ltr'>Martis.</span> 
     </span>
     <span class='ocr_line' id='line_1_9' title="bbox 55 763 786 811; baseline -0.001 -6"><span class='ocrx_word' id='word_1_59' title='bbox 55 764 112 805; x_wconf 88' lang='lat' dir='ltr'>Galea</span> <span class='ocrx_word' id='word_1_60' title='bbox 136 763 203 805; x_wconf 84' lang='lat' dir='ltr'>Martis</span> <span class='ocrx_word' id='word_1_61' title='bbox 226 764 312 805; x_wconf 87' lang='lat' dir='ltr'>umbram</span> <span class='ocrx_word' id='word_1_62' title='bbox 336 764 436 811; x_wconf 83' lang='grc'><strong>3333313133,</strong></span> <span class='ocrx_word' id='word_1_63' title='bbox 462 770 482 806; x_wconf 87' lang='grc'>33</span> <span class='ocrx_word' id='word_1_64' title='bbox 503 765 592 806; x_wconf 82' lang='lat' dir='ltr'>transibit</span> <span class='ocrx_word' id='word_1_65' title='bbox 614 765 786 806; x_wconf 85' lang='grc'><strong>33333133313333</strong></span> 
     </span>
     <span class='ocr_line' id='line_1_10' title="bbox 53 831 786 886; baseline -0.003 -13"><span class='ocrx_word' id='word_1_66' title='bbox 53 833 161 886; x_wconf 66' lang='lat' dir='ltr'>liencurii.⁴</span> <span class='ocrx_word' id='word_1_67' title='bbox 178 833 259 872; x_wconf 87' lang='lat' dir='ltr'>Nudabit</span> <span class='ocrx_word' id='word_1_68' title='bbox 279 842 347 873; x_wconf 82' lang='lat' dir='ltr'>ensem</span> <span class='ocrx_word' id='word_1_69' title='bbox 362 835 422 873; x_wconf 87' lang='grc'><strong>03133</strong></span> <span class='ocrx_word' id='word_1_70' title='bbox 442 835 522 874; x_wconf 78' lang='lat' dir='ltr'>terreus</span> <span class='ocrx_word' id='word_1_71' title='bbox 550 832 630 885; x_wconf 76' lang='lat' dir='ltr'>Venabit</span> <span class='ocrx_word' id='word_1_72' title='bbox 648 832 711 872; x_wconf 86' lang='lat' dir='ltr'>nubes</span> <span class='ocrx_word' id='word_1_73' title='bbox 724 831 786 885; x_wconf 81' lang='lat' dir='ltr'>Phoe-</span> 
     </span>
     <span class='ocr_line' id='line_1_11' title="bbox 52 898 788 953; baseline -0.004 -11"><span class='ocrx_word' id='word_1_74' title='bbox 52 902 88 942; x_wconf 92' lang='lat' dir='ltr'>bus</span> <span class='ocrx_word' id='word_1_75' title='bbox 104 911 216 953; x_wconf 87' lang='lat' dir='ltr'>aequoreus.</span> <span class='ocrx_word' id='word_1_76' title='bbox 244 900 308 943; x_wconf 83' lang='lat' dir='ltr'>Exibit</span> <span class='ocrx_word' id='word_1_77' title='bbox 320 900 394 953; x_wconf 81' lang='lat' dir='ltr'>Jupiter</span> <span class='ocrx_word' id='word_1_78' title='bbox 408 899 469 943; x_wconf 88' lang='lat' dir='ltr'>licitas</span> <span class='ocrx_word' id='word_1_79' title='bbox 484 900 574 948; x_wconf 77' lang='lat' dir='ltr'>semitas,</span> <span class='ocrx_word' id='word_1_80' title='bbox 591 898 694 942; x_wconf 73' lang='grc'><strong>,33113333</strong></span> <span class='ocrx_word' id='word_1_81' title='bbox 708 898 788 939; x_wconf 85' lang='lat' dir='ltr'>deseret·</span> 
     </span>
     <span class='ocr_line' id='line_1_12' title="bbox 54 965 785 1022; baseline -0.005 -10"><span class='ocrx_word' id='word_1_82' title='bbox 54 975 133 1012; x_wconf 89' lang='lat' dir='ltr'>statutas</span> <span class='ocrx_word' id='word_1_83' title='bbox 146 970 213 1010; x_wconf 87' lang='lat' dir='ltr'>lineas.</span> <span class='ocrx_word' id='word_1_84' title='bbox 242 970 318 1009; x_wconf 81' lang='lat' dir='ltr'>Saturni</span> <span class='ocrx_word' id='word_1_85' title='bbox 333 968 407 1022; x_wconf 75' lang='lat' dir='ltr'>syderis</span> <span class='ocrx_word' id='word_1_86' title='bbox 421 970 470 1012; x_wconf 85' lang='lat' dir='ltr'>livor</span> <span class='ocrx_word' id='word_1_87' title='bbox 483 968 568 1022; x_wconf 82' lang='lat' dir='ltr'>pluendo</span> <span class='ocrx_word' id='word_1_88' title='bbox 583 973 670 1017; x_wconf 86' lang='lat' dir='ltr'>corruet,</span> <span class='ocrx_word' id='word_1_89' title='bbox 686 973 706 1009; x_wconf 89' lang='lat' dir='ltr'>et</span> <span class='ocrx_word' id='word_1_90' title='bbox 715 968 765 1009; x_wconf 88' lang='lat' dir='ltr'>laice</span> <span class='ocrx_word' id='word_1_91' title='bbox 778 965 785 990; x_wconf 83' lang='lat'>¹</span> 
     </span>
     <span class='ocr_line' id='line_1_13' title="bbox 53 1037 786 1089; baseline -0.001 -12"><span class='ocrx_word' id='word_1_92' title='bbox 53 1050 132 1077; x_wconf 87' lang='lat' dir='ltr'>recurva</span> <span class='ocrx_word' id='word_1_93' title='bbox 146 1038 237 1076; x_wconf 80' lang='lat' dir='ltr'>mortales</span> <span class='ocrx_word' id='word_1_94' title='bbox 250 1038 336 1088; x_wconf 84' lang='lat' dir='ltr'>perimet.</span> <span class='ocrx_word' id='word_1_95' title='bbox 365 1039 458 1078; x_wconf 89' lang='lat' dir='ltr'>Bissenns</span> <span class='ocrx_word' id='word_1_96' title='bbox 474 1050 564 1079; x_wconf 89' lang='lat' dir='ltr'>numerus</span> <span class='ocrx_word' id='word_1_97' title='bbox 579 1038 680 1078; x_wconf 90' lang='lat' dir='ltr'>domorum</span> <span class='ocrx_word' id='word_1_98' title='bbox 694 1037 786 1089; x_wconf 70' lang='lat' dir='ltr'>spuerem</span> 
     </span>
     <span class='ocr_line' id='line_1_14' title="bbox 54 1103 787 1158; baseline -0.005 -12"><span class='ocrx_word' id='word_1_99' title='bbox 54 1105 132 1147; x_wconf 87' lang='lat' dir='ltr'>deflebit</span> <span class='ocrx_word' id='word_1_100' title='bbox 145 1106 232 1156; x_wconf 88' lang='lat' dir='ltr'>hospites</span> <span class='ocrx_word' id='word_1_101' title='bbox 246 1107 273 1144; x_wconf 85' lang='grc'>133</span> <span class='ocrx_word' id='word_1_102' title='bbox 287 1106 405 1152; x_wconf 86' lang='lat' dir='ltr'>discurrere,</span> <span class='ocrx_word' id='word_1_103' title='bbox 422 1107 509 1146; x_wconf 86' lang='lat' dir='ltr'>emittent</span> <span class='ocrx_word' id='word_1_104' title='bbox 523 1106 595 1158; x_wconf 86' lang='lat' dir='ltr'>gemini</span> <span class='ocrx_word' id='word_1_105' title='bbox 609 1105 719 1158; x_wconf 85' lang='lat' dir='ltr'>complexus</span> <span class='ocrx_word' id='word_1_106' title='bbox 739 1103 787 1143; x_wconf 59' lang='lat' dir='ltr'>solt&gt;</span> 
     </span>
     <span class='ocr_line' id='line_1_15' title="bbox 54 1171 785 1226; baseline -0.005 -10"><span class='ocrx_word' id='word_1_107' title='bbox 54 1181 84 1217; x_wconf 92' lang='grc'>333</span> <span class='ocrx_word' id='word_1_108' title='bbox 98 1179 117 1216; x_wconf 89' lang='grc'>33</span> <span class='ocrx_word' id='word_1_109' title='bbox 131 1185 197 1215; x_wconf 86' lang='lat' dir='ltr'>urnam</span> <span class='ocrx_word' id='word_1_110' title='bbox 211 1174 307 1215; x_wconf 89' lang='grc'><strong>13133333</strong></span> <span class='ocrx_word' id='word_1_111' title='bbox 322 1174 458 1226; x_wconf 84' lang='lat' dir='ltr'>provocabunt.</span> <span class='ocrx_word' id='word_1_112' title='bbox 487 1171 552 1216; x_wconf 90' lang='lat' dir='ltr'>Pensa</span> <span class='ocrx_word' id='word_1_113' title='bbox 571 1173 632 1215; x_wconf 83' lang='lat' dir='ltr'>librae</span> <span class='ocrx_word' id='word_1_114' title='bbox 646 1172 725 1225; x_wconf 83' lang='lat' dir='ltr'>oblique</span> <span class='ocrx_word' id='word_1_115' title='bbox 738 1183 785 1225; x_wconf 89' lang='lat' dir='ltr'>pen-</span> 
     </span>
     <span class='ocr_line' id='line_1_16' title="bbox 53 1241 785 1296; baseline -0.008 -10"><span class='ocrx_word' id='word_1_116' title='bbox 53 1245 137 1289; x_wconf 85' lang='lat' dir='ltr'>debunt,</span> <span class='ocrx_word' id='word_1_117' title='bbox 152 1242 215 1284; x_wconf 85' lang='lat' dir='ltr'>dorrec</span> <span class='ocrx_word' id='word_1_118' title='bbox 231 1242 280 1283; x_wconf 90' lang='lat' dir='ltr'>aries</span> <span class='ocrx_word' id='word_1_119' title='bbox 295 1253 374 1283; x_wconf 87' lang='lat' dir='ltr'>recurva</span> <span class='ocrx_word' id='word_1_120' title='bbox 388 1253 422 1283; x_wconf 92' lang='lat' dir='ltr'>sua</span> <span class='ocrx_word' id='word_1_121' title='bbox 437 1254 509 1283; x_wconf 88' lang='lat' dir='ltr'>cornua</span> <span class='ocrx_word' id='word_1_122' title='bbox 523 1247 623 1296; x_wconf 90' lang='lat' dir='ltr'>supponat.</span> <span class='ocrx_word' id='word_1_123' title='bbox 653 1241 717 1282; x_wconf 82' lang='lat' dir='ltr'>Gauda</span> <span class='ocrx_word' id='word_1_124' title='bbox 731 1252 785 1281; x_wconf 87' lang='lat' dir='ltr'>scor-</span> 
     </span>
     <span class='ocr_line' id='line_1_17' title="bbox 52 1308 786 1365; baseline -0.007 -13"><span class='ocrx_word' id='word_1_125' title='bbox 52 1312 79 1365; x_wconf 91' lang='lat' dir='ltr'>pii</span> <span class='ocrx_word' id='word_1_126' title='bbox 98 1309 207 1363; x_wconf 76' lang='lat' dir='ltr'>procreabit</span> <span class='ocrx_word' id='word_1_127' title='bbox 226 1308 300 1360; x_wconf 82' lang='lat' dir='ltr'>fulgura</span> <span class='ocrx_word' id='word_1_128' title='bbox 319 1314 339 1348; x_wconf 91' lang='lat' dir='ltr'>et</span> <span class='ocrx_word' id='word_1_129' title='bbox 357 1320 428 1349; x_wconf 87' lang='lat' dir='ltr'>cancer</span> <span class='ocrx_word' id='word_1_130' title='bbox 448 1320 492 1350; x_wconf 83' lang='lat' dir='ltr'>curn</span> <span class='ocrx_word' id='word_1_131' title='bbox 512 1312 555 1350; x_wconf 92' lang='grc'><strong>3313</strong></span> <span class='ocrx_word' id='word_1_132' title='bbox 573 1310 658 1362; x_wconf 82' lang='lat' dir='ltr'>litigabit.</span> <span class='ocrx_word' id='word_1_133' title='bbox 686 1309 786 1350; x_wconf 75' lang='lat' dir='ltr'>Ascendet</span> 
     </span>
     <span class='ocr_line' id='line_1_18' title="bbox 53 1373 785 1430; baseline -0.008 -9"><span class='ocrx_word' id='word_1_134' title='bbox 53 1382 106 1430; x_wconf 81' lang='lat' dir='ltr'>virgo</span> <span class='ocrx_word' id='word_1_135' title='bbox 120 1380 199 1419; x_wconf 90' lang='lat' dir='ltr'>dorsum</span> <span class='ocrx_word' id='word_1_136' title='bbox 220 1378 322 1429; x_wconf 85' lang='lat' dir='ltr'>sagittarii,</span> <span class='ocrx_word' id='word_1_137' title='bbox 342 1383 362 1417; x_wconf 92' lang='lat' dir='ltr'>et</span> <span class='ocrx_word' id='word_1_138' title='bbox 381 1376 440 1418; x_wconf 88' lang='lat' dir='ltr'>tlores</span> <span class='ocrx_word' id='word_1_139' title='bbox 461 1377 558 1430; x_wconf 82' lang='lat' dir='ltr'>virgineos</span> <span class='ocrx_word' id='word_1_140' title='bbox 578 1373 685 1419; x_wconf 80' lang='grc'><strong>3113333133.</strong></span> <span class='ocrx_word' id='word_1_141' title='bbox 714 1375 785 1416; x_wconf 80' lang='lat' dir='ltr'>Currus</span> 
     </span>
     <span class='ocr_line' id='line_1_19' title="bbox 53 1443 783 1498; baseline -0.007 -10"><span class='ocrx_word' id='word_1_142' title='bbox 53 1450 109 1489; x_wconf 90' lang='lat' dir='ltr'>lunae</span> <span class='ocrx_word' id='word_1_143' title='bbox 132 1446 215 1488; x_wconf 77' lang='lat' dir='ltr'>turbabit</span> <span class='ocrx_word' id='word_1_144' title='bbox 237 1445 348 1492; x_wconf 77' lang='lat' dir='ltr'>zodiacum,</span> <span class='ocrx_word' id='word_1_145' title='bbox 373 1450 393 1486; x_wconf 91' lang='lat' dir='ltr'>et</span> <span class='ocrx_word' id='word_1_146' title='bbox 413 1446 433 1485; x_wconf 90' lang='lat' dir='ltr'>in</span> <span class='ocrx_word' id='word_1_147' title='bbox 456 1444 523 1487; x_wconf 88' lang='lat' dir='ltr'>fletum</span> <span class='ocrx_word' id='word_1_148' title='bbox 545 1450 670 1498; x_wconf 86' lang='lat' dir='ltr'>prorumpent</span> <span class='ocrx_word' id='word_1_149' title='bbox 689 1443 783 1485; x_wconf 88' lang='lat' dir='ltr'>Pleiades.</span> 
     </span>
     <span class='ocr_line' id='line_1_20' title="bbox 54 1510 801 1564; baseline -0.007 -9"><span class='ocrx_word' id='word_1_150' title='bbox 54 1516 122 1555; x_wconf 83' lang='lat' dir='ltr'>Officia</span> <span class='ocrx_word' id='word_1_151' title='bbox 139 1514 178 1564; x_wconf 83' lang='lat' dir='ltr'>jam</span> <span class='ocrx_word' id='word_1_152' title='bbox 197 1514 248 1552; x_wconf 86' lang='lat' dir='ltr'>nulla</span> <span class='ocrx_word' id='word_1_153' title='bbox 266 1514 365 1557; x_wconf 86' lang='lat' dir='ltr'>redibunt,</span> <span class='ocrx_word' id='word_1_154' title='bbox 390 1513 426 1552; x_wconf 88' lang='lat' dir='ltr'>sed</span> <span class='ocrx_word' id='word_1_155' title='bbox 445 1514 511 1553; x_wconf 87' lang='lat' dir='ltr'>clausa</span> <span class='ocrx_word' id='word_1_156' title='bbox 532 1514 591 1563; x_wconf 73' lang='lat' dir='ltr'>ianua</span> <span class='ocrx_word' id='word_1_157' title='bbox 611 1516 632 1553; x_wconf 91' lang='lat' dir='ltr'>in</span> <span class='ocrx_word' id='word_1_158' title='bbox 657 1510 801 1564; x_wconf 86' lang='lat' dir='ltr'>crepidinibus</span> 
     </span>
     <span class='ocr_line' id='line_1_21' title="bbox 32 1574 786 1632; baseline -0.004 -10"><span class='ocrx_word' id='word_1_159' title='bbox 32 1574 34 1576; x_wconf 64' lang='grc'><strong>’</strong></span> <span class='ocrx_word' id='word_1_160' title='bbox 53 1581 136 1622; x_wconf 84' lang='lat' dir='ltr'>Ariadne</span> <span class='ocrx_word' id='word_1_161' title='bbox 147 1580 237 1621; x_wconf 89' lang='lat' dir='ltr'>delitebit.</span> <span class='ocrx_word' id='word_1_162' title='bbox 259 1579 280 1619; x_wconf 93' lang='lat' dir='ltr'>ln</span> <span class='ocrx_word' id='word_1_163' title='bbox 294 1581 334 1620; x_wconf 88' lang='lat' dir='ltr'>ictu</span> <span class='ocrx_word' id='word_1_164' title='bbox 348 1579 395 1620; x_wconf 88' lang='lat' dir='ltr'>radii</span> <span class='ocrx_word' id='word_1_165' title='bbox 410 1584 513 1632; x_wconf 84' lang='lat' dir='ltr'>exsurgent</span> <span class='ocrx_word' id='word_1_166' title='bbox 527 1591 619 1632; x_wconf 88' lang='lat' dir='ltr'>aequora,</span> <span class='ocrx_word' id='word_1_167' title='bbox 635 1584 655 1620; x_wconf 94' lang='lat' dir='ltr'>et</span> <span class='ocrx_word' id='word_1_168' title='bbox 663 1579 725 1632; x_wconf 78' lang='lat' dir='ltr'>puluis</span> <span class='ocrx_word' id='word_1_169' title='bbox 734 1584 786 1620; x_wconf 81' lang='lat' dir='ltr'>vete-</span> 
     </span>
     <span class='ocr_line' id='line_1_22' title="bbox 53 1646 786 1700; baseline -0.004 -9"><span class='ocrx_word' id='word_1_170' title='bbox 53 1662 95 1692; x_wconf 88' lang='lat' dir='ltr'>rum</span> <span class='ocrx_word' id='word_1_171' title='bbox 109 1650 235 1691; x_wconf 88' lang='lat' dir='ltr'>renovabitur.</span> <span class='ocrx_word' id='word_1_172' title='bbox 265 1647 373 1700; x_wconf 76' lang='lat' dir='ltr'>confligant</span> <span class='ocrx_word' id='word_1_173' title='bbox 392 1649 443 1688; x_wconf 87' lang='lat' dir='ltr'>venti</span> <span class='ocrx_word' id='word_1_174' title='bbox 463 1647 504 1688; x_wconf 88' lang='lat' dir='ltr'>diro</span> <span class='ocrx_word' id='word_1_175' title='bbox 524 1646 640 1695; x_wconf 84' lang='lat' dir='ltr'>sufflamine,</span> <span class='ocrx_word' id='word_1_176' title='bbox 663 1652 683 1688; x_wconf 93' lang='lat' dir='ltr'>et</span> <span class='ocrx_word' id='word_1_177' title='bbox 701 1647 786 1688; x_wconf 91' lang='lat' dir='ltr'>sonitum</span> 
     </span>
     <span class='ocr_line' id='line_1_23' title="bbox 53 1715 317 1760; baseline -0.015 0"><span class='ocrx_word' id='word_1_178' title='bbox 53 1721 103 1760; x_wconf 91' lang='lat' dir='ltr'>inter</span> <span class='ocrx_word' id='word_1_179' title='bbox 117 1717 179 1759; x_wconf 88' lang='grc'><strong>3131333</strong></span> <span class='ocrx_word' id='word_1_180' title='bbox 194 1715 317 1758; x_wconf 60' lang='lat' dir='ltr'>colluctante</span> 
     </span>
     <span class='ocr_line' id='line_1_24' title="bbox 110 1783 786 1838; baseline -0.001 -12"><span class='ocrx_word' id='word_1_181' title='bbox 110 1787 158 1827; x_wconf 82' lang='lat' dir='ltr'>cern</span> <span class='ocrx_word' id='word_1_182' title='bbox 167 1785 224 1838; x_wconf 79' lang='lat' dir='ltr'>igitur</span> <span class='ocrx_word' id='word_1_183' title='bbox 233 1784 282 1824; x_wconf 84' lang='lat' dir='ltr'>haec</span> <span class='ocrx_word' id='word_1_184' title='bbox 291 1788 310 1825; x_wconf 90' lang='grc'>33</span> <span class='ocrx_word' id='word_1_185' title='bbox 319 1783 356 1824; x_wconf 86' lang='grc'><strong>3113</strong></span> <span class='ocrx_word' id='word_1_186' title='bbox 365 1784 424 1825; x_wconf 90' lang='lat' dir='ltr'>multa</span> <span class='ocrx_word' id='word_1_187' title='bbox 433 1783 568 1836; x_wconf 87' lang='lat' dir='ltr'>prophetasset</span> <span class='ocrx_word' id='word_1_188' title='bbox 576 1784 680 1833; x_wconf 77' lang='lat' dir='ltr'>bladinus,</span> <span class='ocrx_word' id='word_1_189' title='bbox 694 1785 786 1838; x_wconf 84' lang='lat' dir='ltr'>ambigui·</span> 
     </span>
     <span class='ocr_line' id='line_1_25' title="bbox 53 1850 785 1897; baseline -0.007 0"><span class='ocrx_word' id='word_1_190' title='bbox 53 1861 91 1897; x_wconf 90' lang='lat' dir='ltr'>tate</span> <span class='ocrx_word' id='word_1_191' title='bbox 118 1853 220 1896; x_wconf 80' lang='lat' dir='ltr'>uerborum</span> <span class='ocrx_word' id='word_1_192' title='bbox 247 1862 327 1891; x_wconf 90' lang='lat' dir='ltr'>suorum</span> <span class='ocrx_word' id='word_1_193' title='bbox 352 1850 453 1892; x_wconf 72' lang='lat' dir='ltr'>astantes²</span> <span class='ocrx_word' id='word_1_194' title='bbox 473 1854 494 1891; x_wconf 92' lang='grc'>13</span> <span class='ocrx_word' id='word_1_195' title='bbox 511 1852 656 1893; x_wconf 87' lang='lat' dir='ltr'>admirationem</span> <span class='ocrx_word' id='word_1_196' title='bbox 676 1853 785 1894; x_wconf 84' lang='lat' dir='ltr'>commovit.</span> 
     </span>
     <span class='ocr_line' id='line_1_26' title="bbox 53 1917 787 1976; baseline -0.004 -10"><span class='ocrx_word' id='word_1_197' title='bbox 53 1924 178 1976; x_wconf 80' lang='lat' dir='ltr'>Vortegirnus</span> <span class='ocrx_word' id='word_1_198' title='bbox 192 1933 238 1963; x_wconf 90' lang='lat' dir='ltr'>vero</span> <span class='ocrx_word' id='word_1_199' title='bbox 252 1933 297 1973; x_wconf 91' lang='lat' dir='ltr'>prae</span> <span class='ocrx_word' id='word_1_200' title='bbox 312 1921 395 1961; x_wconf 90' lang='grc'><strong>33333313</strong></span> <span class='ocrx_word' id='word_1_201' title='bbox 416 1919 521 1968; x_wconf 87' lang='lat' dir='ltr'>admirans,</span> <span class='ocrx_word' id='word_1_202' title='bbox 541 1926 562 1961; x_wconf 91' lang='lat' dir='ltr'>et</span> <span class='ocrx_word' id='word_1_203' title='bbox 575 1917 654 1962; x_wconf 89' lang='lat' dir='ltr'>sensum</span> <span class='ocrx_word' id='word_1_204' title='bbox 669 1920 747 1973; x_wconf 65' lang='lat' dir='ltr'>invenis</span> <span class='ocrx_word' id='word_1_205' title='bbox 767 1927 787 1963; x_wconf 91' lang='lat' dir='ltr'>et</span> 
     </span>
     <span class='ocr_line' id='line_1_27' title="bbox 54 1989 785 2041; baseline -0.004 -8"><span class='ocrx_word' id='word_1_206' title='bbox 54 1993 141 2034; x_wconf 84' lang='lat' dir='ltr'>vaticinia</span> <span class='ocrx_word' id='word_1_207' title='bbox 156 1989 285 2034; x_wconf 87' lang='lat' dir='ltr'>collaudabat;</span> <span class='ocrx_word' id='word_1_208' title='bbox 303 1989 400 2029; x_wconf 88' lang='lat' dir='ltr'>neminem</span> <span class='ocrx_word' id='word_1_209' title='bbox 419 1989 470 2028; x_wconf 89' lang='lat' dir='ltr'>enim</span> <span class='ocrx_word' id='word_1_210' title='bbox 483 2001 576 2040; x_wconf 85' lang='lat' dir='ltr'>praesens</span> <span class='ocrx_word' id='word_1_211' title='bbox 591 1995 643 2030; x_wconf 89' lang='grc'><strong>33333</strong></span> <span class='ocrx_word' id='word_1_212' title='bbox 663 1989 785 2041; x_wconf 87' lang='lat' dir='ltr'>produxerat,</span> 
     </span>
     <span class='ocr_line' id='line_1_28' title="bbox 55 2048 787 2110; baseline 0.004 -14"><span class='ocrx_word' id='word_1_213' title='bbox 55 2059 87 2110; x_wconf 88' lang='lat' dir='ltr'>qni</span> <span class='ocrx_word' id='word_1_214' title='bbox 102 2069 135 2096; x_wconf 87' lang='grc'>333</span> <span class='ocrx_word' id='word_1_215' title='bbox 149 2068 183 2096; x_wconf 89' lang='grc'>333</span> <span class='ocrx_word' id='word_1_216' title='bbox 197 2058 217 2095; x_wconf 90' lang='grc'>13</span> <span class='ocrx_word' id='word_1_217' title='bbox 231 2057 282 2095; x_wconf 86' lang='grc'><strong>13333</strong></span> <span class='ocrx_word' id='word_1_218' title='bbox 296 2052 375 2096; x_wconf 89' lang='lat' dir='ltr'>modum</span> <span class='ocrx_word' id='word_1_219' title='bbox 390 2068 456 2096; x_wconf 88' lang='lat' dir='ltr'>coram</span> <span class='ocrx_word' id='word_1_220' title='bbox 469 2057 512 2107; x_wconf 90' lang='lat' dir='ltr'>ipso</span> <span class='ocrx_word' id='word_1_221' title='bbox 532 2056 628 2098; x_wconf 87' lang='lat' dir='ltr'>solvisset.</span> <span class='ocrx_word' id='word_1_222' title='bbox 657 2057 713 2099; x_wconf 88' lang='lat' dir='ltr'>Scire</span> <span class='ocrx_word' id='word_1_223' title='bbox 729 2048 787 2110; x_wconf 83' lang='lat' dir='ltr'>igitur</span> 
     </span>
     <span class='ocr_line' id='line_1_29' title="bbox 54 2123 788 2178; baseline -0.004 -11"><span class='ocrx_word' id='word_1_224' title='bbox 54 2125 122 2167; x_wconf 86' lang='lat' dir='ltr'>volens</span> <span class='ocrx_word' id='word_1_225' title='bbox 140 2124 210 2165; x_wconf 83' lang='grc'><strong>3313333</strong></span> <span class='ocrx_word' id='word_1_226' title='bbox 228 2125 277 2165; x_wconf 85' lang='lat' dir='ltr'>uitae</span> <span class='ocrx_word' id='word_1_227' title='bbox 297 2135 354 2171; x_wconf 91' lang='lat' dir='ltr'>suae,</span> <span class='ocrx_word' id='word_1_228' title='bbox 376 2125 450 2176; x_wconf 82' lang='lat' dir='ltr'>rogarit</span> <span class='ocrx_word' id='word_1_229' title='bbox 465 2123 556 2176; x_wconf 84' lang='lat' dir='ltr'>juvenem</span> <span class='ocrx_word' id='word_1_230' title='bbox 574 2124 611 2165; x_wconf 90' lang='lat' dir='ltr'>sibl</span> <span class='ocrx_word' id='word_1_231' title='bbox 630 2125 716 2166; x_wconf 85' lang='lat' dir='ltr'>indicare</span> <span class='ocrx_word' id='word_1_232' title='bbox 736 2125 788 2178; x_wconf 87' lang='lat' dir='ltr'>quod</span> 
     </span>
     <span class='ocr_line' id='line_1_30' title="bbox 55 2193 787 2247; baseline -0.001 -12"><span class='ocrx_word' id='word_1_233' title='bbox 55 2194 133 2235; x_wconf 86' lang='lat' dir='ltr'>sciebat.</span> <span class='ocrx_word' id='word_1_234' title='bbox 162 2193 192 2234; x_wconf 79' lang='lat' dir='ltr'>Ad</span> <span class='ocrx_word' id='word_1_235' title='bbox 206 2194 256 2234; x_wconf 88' lang='lat' dir='ltr'>baec</span> <span class='ocrx_word' id='word_1_236' title='bbox 265 2193 367 2236; x_wconf 84' lang='lat' dir='ltr'>lllerlinus:</span> <span class='ocrx_word' id='word_1_237' title='bbox 390 2193 468 2247; x_wconf 83' lang='lat' dir='ltr'>„ignem</span> <span class='ocrx_word' id='word_1_238' title='bbox 481 2193 565 2235; x_wconf 87' lang='lat' dir='ltr'>liliorum</span> <span class='ocrx_word' id='word_1_239' title='bbox 577 2194 697 2236; x_wconf 79' lang='lat' dir='ltr'>Constantini</span> <span class='ocrx_word' id='word_1_240' title='bbox 710 2194 787 2247; x_wconf 78' lang='lat' dir='ltr'>dilinga,</span> 
     </span>
     <span class='ocr_line' id='line_1_31' title="bbox 55 2261 787 2314; baseline 0.001 -12"><span class='ocrx_word' id='word_1_241' title='bbox 55 2264 72 2302; x_wconf 92' lang='lat' dir='ltr'>si</span> <span class='ocrx_word' id='word_1_242' title='bbox 86 2261 178 2312; x_wconf 81' lang='lat' dir='ltr'>diffugere</span> <span class='ocrx_word' id='word_1_243' title='bbox 191 2262 286 2307; x_wconf 74' lang='lat' dir='ltr'>valueris3</span> <span class='ocrx_word' id='word_1_244' title='bbox 303 2261 344 2311; x_wconf 81' lang='lat' dir='ltr'>jani</span> <span class='ocrx_word' id='word_1_245' title='bbox 359 2273 417 2304; x_wconf 81' lang='lat' dir='ltr'>naves</span> <span class='ocrx_word' id='word_1_246' title='bbox 432 2267 509 2314; x_wconf 90' lang='lat' dir='ltr'>parant,</span> <span class='ocrx_word' id='word_1_247' title='bbox 527 2261 567 2312; x_wconf 87' lang='lat' dir='ltr'>jam</span> <span class='ocrx_word' id='word_1_248' title='bbox 581 2264 721 2304; x_wconf 85' lang='lat' dir='ltr'>armoricanum</span> <span class='ocrx_word' id='word_1_249' title='bbox 734 2264 787 2303; x_wconf 89' lang='lat' dir='ltr'>littus</span> 
     </span>
     <span class='ocr_line' id='line_1_32' title="bbox 55 2326 785 2379; baseline 0.001 -10"><span class='ocrx_word' id='word_1_250' title='bbox 55 2328 157 2373; x_wconf 88' lang='lat' dir='ltr'>deserunt,</span> <span class='ocrx_word' id='word_1_251' title='bbox 174 2326 215 2376; x_wconf 83' lang='lat' dir='ltr'>jann</span> <span class='ocrx_word' id='word_1_252' title='bbox 228 2327 270 2367; x_wconf 89' lang='lat' dir='ltr'>vela</span> <span class='ocrx_word' id='word_1_253' title='bbox 283 2338 319 2378; x_wconf 88' lang='lat' dir='ltr'>per</span> <span class='ocrx_word' id='word_1_254' title='bbox 333 2339 416 2379; x_wconf 90' lang='lat' dir='ltr'>aequora</span> <span class='ocrx_word' id='word_1_255' title='bbox 430 2328 525 2378; x_wconf 86' lang='lat' dir='ltr'>pandunt,</span> <span class='ocrx_word' id='word_1_256' title='bbox 543 2333 609 2379; x_wconf 90' lang='lat' dir='ltr'>petent</span> <span class='ocrx_word' id='word_1_257' title='bbox 622 2329 739 2371; x_wconf 89' lang='lat' dir='ltr'>Britanniam</span> <span class='ocrx_word' id='word_1_258' title='bbox 757 2331 785 2370; x_wconf 85' lang='lat' dir='ltr'>in-</span> 
     </span>
     <span class='ocr_line' id='line_1_33' title="bbox 55 2393 788 2449; baseline 0.003 -13"><span class='ocrx_word' id='word_1_259' title='bbox 55 2397 126 2442; x_wconf 88' lang='lat' dir='ltr'>sulam,</span> <span class='ocrx_word' id='word_1_260' title='bbox 141 2393 231 2435; x_wconf 88' lang='lat' dir='ltr'>invadent</span> <span class='ocrx_word' id='word_1_261' title='bbox 244 2395 354 2434; x_wconf 85' lang='lat' dir='ltr'>saxonicam</span> <span class='ocrx_word' id='word_1_262' title='bbox 368 2399 459 2446; x_wconf 84' lang='lat' dir='ltr'>gentem,</span> <span class='ocrx_word' id='word_1_263' title='bbox 478 2394 605 2448; x_wconf 82' lang='lat' dir='ltr'>subjugabunt</span> <span class='ocrx_word' id='word_1_264' title='bbox 617 2396 710 2449; x_wconf 89' lang='lat' dir='ltr'>populum</span> <span class='ocrx_word' id='word_1_265' title='bbox 723 2396 788 2439; x_wconf 84' lang='lat' dir='ltr'>uelan-</span> 
     </span>
     <span class='ocr_line' id='line_1_34' title="bbox 55 2462 787 2514; baseline 0.003 -10"><span class='ocrx_word' id='word_1_266' title='bbox 55 2465 110 2511; x_wconf 90' lang='lat' dir='ltr'>dum;</span> <span class='ocrx_word' id='word_1_267' title='bbox 131 2462 167 2504; x_wconf 89' lang='lat' dir='ltr'>sed</span> <span class='ocrx_word' id='word_1_268' title='bbox 180 2462 233 2514; x_wconf 85' lang='lat' dir='ltr'>prius</span> <span class='ocrx_word' id='word_1_269' title='bbox 247 2468 267 2502; x_wconf 91' lang='lat' dir='ltr'>te</span> <span class='ocrx_word' id='word_1_270' title='bbox 281 2463 330 2503; x_wconf 85' lang='lat' dir='ltr'>infra</span> <span class='ocrx_word' id='word_1_271' title='bbox 343 2462 411 2503; x_wconf 86' lang='lat' dir='ltr'>turrim</span> <span class='ocrx_word' id='word_1_272' title='bbox 427 2462 524 2504; x_wconf 88' lang='lat' dir='ltr'>inclusum</span> <span class='ocrx_word' id='word_1_273' title='bbox 543 2465 661 2507; x_wconf 83' lang='lat' dir='ltr'>conrburent</span> <span class='ocrx_word' id='word_1_274' title='bbox 689 2465 741 2508; x_wconf 86' lang='grc'><strong>111313</strong></span> <span class='ocrx_word' id='word_1_275' title='bbox 754 2471 787 2507; x_wconf 90' lang='grc'>333</span> 
     </span>
     <span class='ocr_line' id='line_1_35' title="bbox 55 2526 787 2587; baseline 0.003 -13"><span class='ocrx_word' id='word_1_276' title='bbox 55 2526 129 2587; x_wconf 87' lang='lat' dir='ltr'>patrem</span> <span class='ocrx_word' id='word_1_277' title='bbox 144 2543 210 2572; x_wconf 86' lang='lat' dir='ltr'>eornm</span> <span class='ocrx_word' id='word_1_278' title='bbox 224 2530 335 2582; x_wconf 84' lang='lat' dir='ltr'>perdidisti,</span> <span class='ocrx_word' id='word_1_279' title='bbox 355 2537 375 2572; x_wconf 92' lang='lat' dir='ltr'>et</span> <span class='ocrx_word' id='word_1_280' title='bbox 389 2532 474 2572; x_wconf 79' lang='lat' dir='ltr'>Saxones</span> <span class='ocrx_word' id='word_1_281' title='bbox 492 2532 713 2576; x_wconf 84' lang='grc'><strong>131333133133133331.</strong></span> <span class='ocrx_word' id='word_1_282' title='bbox 739 2534 787 2576; x_wconf 83' lang='grc'><strong>1331-</strong></span> 
     </span>
     <span class='ocr_line' id='line_1_36' title="bbox 55 2598 787 2655; baseline 0.001 -14"><span class='ocrx_word' id='word_1_283' title='bbox 55 2602 99 2641; x_wconf 87' lang='lat' dir='ltr'>tasti</span> <span class='ocrx_word' id='word_1_284' title='bbox 114 2612 149 2641; x_wconf 86' lang='lat' dir='ltr'>eos</span> <span class='ocrx_word' id='word_1_285' title='bbox 163 2599 230 2638; x_wconf 73' lang='grc'><strong>3113113</strong></span> <span class='ocrx_word' id='word_1_286' title='bbox 244 2598 371 2651; x_wconf 80' lang='lat' dir='ltr'>praesidium,</span> <span class='ocrx_word' id='word_1_287' title='bbox 387 2605 407 2639; x_wconf 83' lang='lat' dir='ltr'>et</span> <span class='ocrx_word' id='word_1_288' title='bbox 416 2607 567 2651; x_wconf 83' lang='lat' dir='ltr'>supervenerunt</span> <span class='ocrx_word' id='word_1_289' title='bbox 575 2603 596 2643; x_wconf 89' lang='lat' dir='ltr'>in</span> <span class='ocrx_word' id='word_1_290' title='bbox 605 2603 787 2655; x_wconf 87' lang='lat' dir='ltr'>tunmsupplicium.</span> 
     </span>
    </p>
   </div>
   <div class='ocr_carea' id='block_1_5' title="bbox 58 2707 190 2717">
    <p class='ocr_par' dir='ltr' id='par_1_5' title="bbox 58 2707 190 2717">
     <span class='ocr_line' id='line_1_37' title="bbox 58 2707 190 2717; baseline -0.023 0"><span class='ocrx_word' id='word_1_291' title='bbox 58 2707 190 2717; x_wconf 57' lang='lat' dir='ltr'>...a—as--a-</span> 
     </span>
    </p>
   </div>
   <div class='ocr_carea' id='block_1_6' title="bbox 53 2761 405 2807">
    <p class='ocr_par' dir='ltr' id='par_1_6' title="bbox 53 2761 405 2807">
     <span class='ocr_line' id='line_1_38' title="bbox 53 2761 405 2807; baseline 0.003 -10"><span class='ocrx_word' id='word_1_292' title='bbox 53 2778 55 2781; x_wconf 58' lang='lat'>&gt;</span> <span class='ocrx_word' id='word_1_293' title='bbox 100 2763 118 2806; x_wconf 91' lang='grc'>1)</span> <span class='ocrx_word' id='word_1_294' title='bbox 129 2764 160 2802; x_wconf 85' lang='lat' dir='ltr'>tlt.</span> <span class='ocrx_word' id='word_1_295' title='bbox 171 2763 214 2801; x_wconf 88' lang='grc'><strong>1333.</strong></span> <span class='ocrx_word' id='word_1_296' title='bbox 236 2761 258 2807; x_wconf 83' lang='grc'>2)</span> <span class='ocrx_word' id='word_1_297' title='bbox 270 2762 300 2800; x_wconf 83' lang='lat' dir='ltr'>Al.</span> <span class='ocrx_word' id='word_1_298' title='bbox 313 2764 405 2802; x_wconf 83' lang='lat' dir='ltr'>audientes.</span> 
     </span>
    </p>
   </div>
   <div class='ocr_carea' id='block_1_7' title="bbox 0 0 911 3145">
    <p class='ocr_par' dir='ltr' id='par_1_7' title="bbox 0 0 911 3145">
     <span class='ocr_line' id='line_1_39' title="bbox 0 0 911 3145; baseline 0 0"><span class='ocrx_word' id='word_1_299' title='bbox 0 0 911 3145; x_wconf 95' lang='lat' dir='ltr'> </span> 
     </span>
    </p>
   </div>
  </div>
 </body>
</html>
