1807 3145
124 688 147 770 s
185 724 248 776 on
290 711 614 783 aeorun'nrrs

299 840 499 896 munnam.

242 980 349 1023 LIBER
373 980 551 1030 QUARTUS.

307 1204 491 1244 PROLOGUS.

34 1306 132 1363 Nondum
146 1329 210 1365 autern
225 1325 248 1365 ad
262 1327 313 1376 huno
328 1327 392 1367 locum
406 1329 498 1374 historiae
512 1342 648 1380 perveneram,
670 1344 725 1379 eum,
740 1333 767 1379 de

33 1388 116 1431 Merlino
132 1392 227 1443 divulgato
241 1399 330 1440 rumore,
351 1395 493 1446 compellebant
509 1408 541 1436 me
554 1396 639 1448 undique
654 1404 765 1450 contempo-

33 1462 88 1502 ranei
107 1463 146 1502 mei
164 1464 274 1516 prophetias
294 1463 356 1516 ipsius
378 1462 445 1504 edere:
458 1463 552 1520 'inanime
574 1469 638 1506 autem
657 1465 766 1508 Alexander

33 1529 175 1571 Linoolniensis
196 1532 310 1584 episeopus,
330 1532 358 1573 uir
377 1543 463 1573 summae
482 1532 581 1584 religionis
601 1536 620 1572 et
633 1528 768 1589 prudentiae*

33 1596 76 1643 Non
91 1603 131 1639 erat
145 1600 193 1640 alter
206 1600 225 1639 in
241 1600 293 1641 clero
308 1600 349 1641 sive
363 1600 382 1640 in
396 1600 479 1652 populo,
495 1590 526 1640 eui
537 1605 566 1641 tot
578 1600 714 1642 famularentur
727 1613 769 1657 nas

32 1664 94 1712 biles,
117 1679 165 1717 quos
179 1668 241 1718 ipsius
256 1673 355 1708 mansueta
369 1669 430 1718 pietas
444 1673 464 1707 et
477 1669 559 1719 benigna
573 1655 650 1719 largitas
663 1669 688 1713 ,in
707 1668 764 1708 obse-

34 1732 99 1784 quium
113 1733 154 1785 ejus
169 1734 270 1777 alliciebat.
299 1736 334 1793 Gari
350 1747 392 1775 eum
407 1736 518 1776 satisfacere
538 1736 699 1788 praeelegissem,
719 1746 764 1787 pro·

32 1802 107 1855 phetias
121 1804 220 1851 transtuli,
236 1808 256 1844 et
270 1804 333 1844 eidem
348 1816 392 1844 enm
406 1803 516 1854 hujusmodi
529 1805 598 1844 litteris
613 1803 682 1844 direxi:
697 1802 765 1855 Coegit

32 1865 74 1916 me,
94 1872 203 1913 Alexander
222 1872 364 1913 Lineolniensis
383 1871 472 1924 praesul,
488 1871 602 1929 &nobilitatis
623 1875 666 1912 tuae
686 1870 768 1929 dileetio

32 1937 143 1989 prophetias
157 1939 233 1979 Merlini
247 1938 271 1979 de
285 1939 391 1979 britannico
409 1940 429 1979 in
443 1940 521 1978 latinum
535 1940 644 1985 transferre,
660 1944 763 1990 antequam

32 2006 131 2048 historiam
150 2020 253 2060 parassem,
274 2020 330 2061 qnam
350 2008 374 2050 de
388 2007 448 2061 gestis
462 2020 529 2061 regum
543 2007 674 2052 britannorum
687 2006 764 2058 inoepe-

33 2087 79 2129 ram.
107 2076 248 2133 Proposueram
267 2073 318 2118 enirn
337 2078 389 2117 illam
406 2077 459 2129 prius
479 2072 584 2129 perficere,
604 2077 695 2134 istudque
716 2087 770 2127 opusv

33 2143 174 2194 subsequenter
188 2145 293 2195 explicare,
308 2157 333 2183 ne
344 2143 393 2200 dnm
407 2149 493 2196 uterque
502 2145 556 2184 labor
569 2145 679 2196 ingrueret,
694 2155 764 2184 sensus
804 2148 806 2152 “

32 2204 87 2257 meus
103 2211 127 2251 ad
142 2211 215 2263 singula
230 2199 292 2251 minus
307 2210 409 2252 sufficeret
438 2211 526 2269 Attamen
547 2210 591 2262 quia
611 2221 692 2250 securus
712 2216 767 2265 eram

33 2281 106 2327 veniae7
123 2292 179 2332 qnam
194 2278 285 2320 diseretio
300 2278 461 2331 subtilisingenii
478 2279 506 2319 tui
520 2278 584 2325 daret,
600 2284 695 2330 agrestem
715 2279 768 2333 cala-v

32 2359 85 2387 mum
105 2360 170 2388 meam
190 2348 260 2388 libellis
281 2350 373 2400 apposui,
395 2353 414 2388 et
433 2346 511 2399 plebejo
523 2346 659 2405 ‘modulamine
678 2347 766 2399 ignotum

33 2416 67 2457 tibi
87 2415 221 2467 interpretatus
244 2427 287 2455 sum
307 2427 423 2456 sermonem.
461 2414 570 2474 Admodum
590 2418 654 2454 antem
669 2415 764 2463 admiror,

34 2486 86 2536 quod
100 2485 120 2526 iri
134 2485 212 2537 pauperi
226 2484 270 2525 stilo
285 2483 372 2537 dignatus
388 2496 409 2524 es
421 2484 547 2530 committere,
562 2494 609 2541 curn
619 2486 647 2524 tot
659 2484 767 2541 doctiores⁵>

32 2557 62 2593 tot
76 2551 167 2599 ditiores,
181 2552 234 2604 virga
248 2552 349 2604 potestatis
364 2539 408 2591 tuae
423 2553 522 2604 coereeat,
546 2550 578 2601 qui
592 2551 709 2592 sublimioris
725 2563 770 2609 ear-A

32 2611 97 2662 minis>
105 2622 245 2663 delectamento
259 2633 315 2661 aures
328 2621 427 2663 Minervae
437 2623 484 2660 tuae
498 2619 611 2668 mulcerent,
627 2625 646 2662 et
655 2624 681 2677 ”A
695 2623 765 2662 omnes

79 2759 98 2805 1)
110 2761 139 2798 uis,
153 2761 205 2806 alius,
223 2761 252 2807 qni
263 2754 307 2795 huna
318 2759 405 2807 prologum
417 2759 465 2806 paulo
478 2759 527 2794 aliter
538 2746 616 2805 praehet,
635 2760 672 2804 hisi
688 2768 718 2805 pro
729 2759 764 2792 vir

33 2828 46 2857 a.
58 2828 71 2853 r.
84 2824 143 2864 etp,
156 2820 216 2856 habet:
227 2816 261 2856 uir
272 2819 370 2864 prudens
381 2824 403 2852 et
414 2819 521 2855 eraditus.
765 2814 768 2830 ²⁴
