1807 3145
77 131 116 168 ‘28ss
141 172 143 176 ,
382 117 446 160 Enocbi
458 127 504 162 liber.

132 244 173 282 larn
190 253 233 281 curn
249 243 382 293 explicuerim,
406 255 470 294 equo
484 243 537 283 sorite
556 243 621 283 hausta
641 245 665 283 sit
684 257 726 284 mea
740 248 808 292 versio,

77 310 210 349 deruonslrare
225 309 250 349 ln,
259 311 321 348 animo
337 311 377 353 est,
392 311 460 348 librum
475 311 603 361 aeilriopIcrnn
618 312 698 349 eundern
711 324 755 349 esse
767 324 810 350 curn

77 387 157 427 graeco,
178 386 234 424 quem
253 376 318 415 Patres
337 375 417 415 laudant.
456 376 550 426 De'qno‘
562 388 599 416 non
615 377 695 426 atriplins
713 377 810 418 dubitabit.

78 572 178 606 urrivcrsalis
191 571 251 613 judicii
268 572 348 605 deductus
366 572 411 605 ridel
423 571 483 606 Senem
499 573 561 606 dleruru
577 574 593 605 in
606 571 665 605 throno
676 582 706 606 sno
718 574 810 614 sedentenn
863 568 864 572 ’
902 563 904 583 ³

80 634 97 660 el
108 637 163 659 onmes
175 631 229 659 terrac
245 637 293 669 reges
309 637 363 659 eoram
380 638 406 659 eo.
426 626 484 670 Capite
495 629 631 672 quinquagesimo
648 630 720 661 secundo
736 628 811 663 Noaclrus

79 685 151 717 relertnr
162 682 271 715 uehementer
283 688 371 714 commotus
379 683 461 715 bominum
473 685 585 728 improbitate,
598 689 614 716 et
626 685 715 717 vindletani
730 690 811 726 metuens7

78 743 134 785 magui
147 741 174 773 avi
190 738 275 771 consiliunt
291 738 409 780 imploravisse.
437 738 495 773 Enoch
512 740 576 772 rr'untiat
592 740 619 780 ei,
640 750 717 783 aquarum
733 739 812 774 diluvium

79 809 127 831 omne
143 798 224 830 lronriuunr
241 806 293 838 genus
310 797 412 837 perditurum
430 801 447 827 et
465 797 509 840 ignis
522 801 611 828 torrentem
623 797 700 839 angelos,
719 798 767 829 undis
778 808 812 829 nou

80 855 170 894 obnoxios,
187 853 285 894 puniturum.
307 851 346 894 Cap.
363 851 398 884 lth
416 854 488 885 narratio
505 852 526 885 de
538 851 602 895 angelis
614 854 706 886 resumitur.
730 853 811 894 Senrlana,

79 910 172 948 Artulralu,
194 909 282 947 ArInreeu⁷
307 907 402 948 Kakabael‚
423 909 492 948 Tusael,
512 909 585 948 Ramiel,
603 909 665 956 Dandel
689 914 706 940 et
723 909 763 947 alil,
785 911 811 940 vi·
832 922 834 924 ·

79 962 122 1010 gluti
143 974 218 1004 nurnero,
240 964 320 1006 lapsorum
342 963 437 1007 angelornm
457 964 507 997 duces
530 965 621 1007 prodeunt,
646 970 662 997 ct
683 974 726 998 nova
746 965 811 998 rebellis

80 1022 129 1055 animi
150 1021 248 1054 documenta
269 1019 326 1054 edunt.
349 1018 389 1063 Cap.
408 1019 457 1053 LXII.
477 1020 534 1053 Enoch
554 1020 655 1054 lllatlrusalac
676 1021 709 1054 filio
729 1022 811 1064 copiosam

80 1081 107 1113 dal
119 1079 243 1112 instructionem
255 1077 275 1110 de
287 1077 334 1119 sole,
353 1077 401 1120 luna,
419 1077 481 1120 stellis,
497 1088 553 1120 anno,
567 1077 661 1119 rraerrsdrus,
679 1079 732 1111 renus
744 1083 761 1110 et
777 1078 813 1111 aliis

80 1135 159 1176 ejusmodi
176 1135 225 1166 rebus
247 1134 327 1174 physicis.
356 1134 385 1164 Ilis
404 1139 441 1165 octo
459 1135 512 1175 capita
529 1134 641 1174 complentur,
662 1140 699 1176 post
716 1144 758 1176 quac
782 1145 812 1175 pn-

79 1190 161 1231 uiarcha,
183 1200 226 1233 quac
245 1189 319 1231 proxime
337 1189 449 1229 antecedunt⁷
466 1189 568 1231 recapitulat.
594 1188 662 1232 Reliqua
680 1190 740 1231 viginti
757 1191 811 1232 capita
839 1193 841 1200 ’

80 1251 166 1279 versantur
178 1246 195 1279 in
212 1244 270 1280 diluvii
285 1245 389 1283 narraIIone,
406 1249 422 1277 et
438 1251 494 1277 eorum
506 1255 549 1288 quae
561 1243 637 1284 Noaelrus
653 1251 720 1289 propter·
735 1246 750 1279 id
764 1256 812 1288 prac-

79 1303 169 1345 pararerit‚
182 1306 199 1333 et
209 1301 291 1345 quomodo
303 1300 344 1333 haec
352 1301 465 1333 successerint
478 1299 600 1340 (lamisonem,
611 1307 679 1344 excepta
688 1301 734 1335 Noae
743 1301 810 1341 fartilia,

81 1358 160 1400 abolitio,
177 1362 194 1390 et
209 1358 266 1390 dlvina
282 1356 356 1390 vindicta
371 1357 436 1400 angelis
453 1366 540 1400 eorumque
558 1357 624 1389 asseclis
639 1358 710 1399 inflicta,
728 1357 812 1391 concludit

81 1426 122 1458 opus
134 1415 220 1447 absurdum
233 1420 282 1457 atque
295 1415 414 1447 laetitiaeque
427 1413 657 1455 v01.11.p.424‚425,426.
667 1415 705 1448 Not.
721 1415 739 1446 In
748 1420 811 1457 protulu

81 1475 112 1509 est,
124 1470 168 1501 hanc
179 1469 276 1500 relationem
288 1470 340 1500 minus
351 1470 441 1510 perlectam
453 1475 502 1511 atque
514 1474 606 1501 accuratam
618 1477 660 1508 esse,
673 1471 762 1511 praeprne
770 1480 812 1511 quo-

81 1524 101 1559 ad
114 1524 173 1569 viginti
186 1523 241 1557 ultima
253 1526 312 1568 capita.
337 1524 403 1567 blut-ray
419 1525 467 1557 nimis
479 1524 577 1558 festinanter
594 1530 610 1557 et
627 1525 680 1557 animo
692 1531 813 1569 praeoccupato

21 1590 25 1592 '
72 1582 166 1624 judicarit.
190 1581 248 1614 Postea
264 1583 353 1625 benignius
370 1584 441 1616 censuit.
465 1583 483 1614 In
500 1581 579 1625 Catalogo
596 1584 639 1614 enirn
655 1583 709 1615 Brucii
726 1583 813 1615 orientalia

82 1638 126 1671 uss.
139 1637 244 1671 describente
255 1637 320 1679 rllunap
333 1638 374 1670 lraee
386 1638 435 1670 dicit:
452 1638 512 1678 „Liber
523 1638 641 1671 Euocbiratis
652 1640 724 1670 occurrit
735 1637 772 1673 Vct,
785 1639 812 1670 IVr

81 1695 126 1727 MSS.
144 1693 254 1736 complectens
272 1695 339 1735 triginta
356 1694 396 1726 duas
412 1695 492 1735 paginas,
514 1694 600 1737 eleganter
611 1699 661 1736 atque
673 1699 718 1725 arcte
736 1696 813 1735 scriptus.

82 1750 172 1781 Antecedit
188 1747 226 1779 Jobi
242 1747 308 1789 librum,
326 1749 388 1780 diuisus
404 1750 424 1780 in
437 1749 528 1792 nonaginta
539 1759 568 1781 sex
580 1750 644 1791 capita,
662 1759 694 1781 nec
711 1759 743 1782 non
761 1751 814 1783 unde-

83 1806 143 1850 viginti
160 1805 253 1846 sectiones,
271 1815 313 1849 qnae
330 1816 366 1837 curn
383 1805 463 1848 capitibus
479 1816 512 1837 non
530 1805 638 1838 cohaerentes
650 1806 670 1838 ad
682 1805 745 1839 libitum
761 1807 814 1840 factae

83 1875 137 1907 neque
153 1864 232 1896 materiae
250 1863 365 1895 accomodalae
382 1864 464 1897 ridentur.
489 1862 608 1895 Purissimo
625 1872 722 1894 sermone
739 1862 815 1894 llellri-

82 1922 147 1962 opico
159 1919 259 1960 scriptus
270 1923 329 1951 totus
341 1919 399 1951 liber
410 1919 508 1960 peculari
521 1918 613 1951 excellit
625 1919 737 1951 dieti0nis
750 1926 770 1950 et
782 1921 813 1950 in-

83 1977 146 2022 genii
158 1975 281 2020 dignitate,
300 1986 355 2019 quae
367 1975 442 2009 allicit
456 1975 572 2015 lectorem,
590 1981 623 2016 et,
637 1976 815 2020 antiquissimam

84 2033 154 2076 ipsius
166 2032 276 2075 originem
289 2040 346 2073 esse,
360 2032 380 2063 ei
392 2031 528 2074 persuadet.“

127 2088 213 2132 „Henoclri
224 2087 266 2120 liber
278 2089 328 2131 prima
341 2089 377 2122 rice
386 2089 403 2120 ln
411 2087 493 2131 Europam
501 2088 573 2130 perlatus
581 2093 606 2121 est
613 2097 622 2120 a
630 2088 695 2121 Brucio.
713 2087 750 2121 Tria
759 2096 815 2120 exeru-

83 2144 147 2188 platta,
160 2144 184 2176 illi
196 2144 272 2186 propria,
286 2154 352 2186 quorum
364 2154 412 2175 unuin
424 2143 501 2183 Parisiis,
514 2143 582 2175 nlterunt
595 2143 675 2184 0nonlae,
688 2145 753 2175 tertium
765 2144 816 2186 idque
850 2153 852 2155 ’

86 2202 164 2241 optirnunr
173 2201 204 2231 hoc
211 2198 294 2230 volumine
303 2203 353 2238 extat,
367 2200 415 2230 unica
424 2205 468 2239 sunt,
481 2209 523 2241 quae
532 2202 548 2230 in
557 2205 612 2230 nostra
624 2199 668 2230 orbis
679 2193 758 2229 terrarum
770 2204 816 2241 parte

84 2256 198 2288 inveniantur·
223 2253 327 2297 lllagnisane
340 2254 450 2287 aestimandus
467 2258 492 2287 est
506 2254 533 2287 hie
548 2253 590 2287 liber
607 2258 625 2287 ut
637 2254 692 2297 graeci
708 2254 768 2296 SerIpti
782 2253 816 2295 jani

85 2312 144 2345 dudum
156 2311 218 2355 perditi
230 2312 297 2350 versio,
315 2311 359 2355 quod
372 2310 436 2344 Christo
452 2317 491 2344 nato
505 2317 522 2344 et
535 2311 645 2355 apostolorum
662 2317 716 2345 aetate
733 2312 816 2355 antiquitis

84 2372 125 2401 erat.
142 2368 194 2401 Locus
206 2377 227 2401 ex
238 2367 280 2401 llbro
292 2367 356 2401 Enochi
367 2366 442 2402 laudatur
454 2368 530 2402 versibus
539 2367 581 2401 XIII.
593 2373 616 2401 et.
623 2367 659 2403 xv.
668 2367 748 2412 epistolae
756 2367 815 2410 dudae,

85 2434 127 2466 quae
139 2428 205 2455 nostrae
217 2423 311 2465 scripturae
322 2435 379 2457 sacrae
391 2426 440 2458 Inest.
465 2425 523 2457 Graeci
536 2425 634 2467 exemplaris
646 2426 738 2469 fragmenta
754 2428 816 2470 aliquot

84 2479 138 2511 edidit
153 2478 222 2510 IIireber
237 2478 285 2518 (Oed⁴
301 2480 374 2524 Aegypt.
385 2480 430 2515 'Vol
445 2480 465 2512 II.
484 2490 500 2522 p.
518 2478 556 2521 69.)
576 2479 656 2512 Continet
668 2486 722 2514 autern
734 2483 816 2516 rislouunt

34 2579 36 2586 y
85 2538 150 2577 scriem,
163 2546 205 2580 quae
218 2536 312 2579 angelorum
324 2538 398 2580 lapsum,
411 2544 487 2582 posteros
499 2547 555 2570 eorum
568 2539 654 2582 giganteo,
673 2538 740 2572 crimina
758 2538 816 2572 diluvii

85 2604 153 2636 causas,
171 2593 214 2627 coeli
230 2593 318 2635 crystalla,
335 2592 394 2634 judicii
404 2595 489 2627 novissimi
506 2594 634 2627 debotninibus
650 2587 747 2638 et‘angelis
764 2594 816 2627 habiti

84 2649 148 2696 locutu,
158 2654 175 2681 et
183 2650 237 2682 uarias
246 2648 320 2681 universi
330 2653 385 2690 partes
398 2650 418 2681 ab
428 2649 496 2682 Enoclro
507 2650 561 2688 visas,
574 2654 590 2680 et
600 2649 700 2683 Mathusalae
712 2649 745 2682 lilio
757 2649 817 2683 relatas

89 2705 189 2738 describunt.
217 2705 325 2737 Narratio
342 2710 377 2736 est
394 2705 463 2736 audax
479 2710 500 2737 et
517 2705 628 2746 fabulosa,
649 2712 670 2739 et
687 2716 744 2748 qnae
760 2708 816 2738 mire

86 2762 189 2795 redoleat
202 2761 504 2804 ingeniumpbilosophorum
514 2761 665 2803 lunaticorum,
676 2762 816 2804 quiclroldai-
