1807 3145
344 181 408 216 Enochi
419 181 467 216 lihcr.
647 179 650 181 ’
681 151 682 154 ¹
729 185 770 224 283

40 307 116 351 videtur,
131 297 265 350 aquibusdam
277 310 321 339 eum
335 299 448 339 canonicum
462 298 530 350 putari.
545 308 589 338 cum
604 298 726 351 hypothetice
741 299 769 339 sic

40 370 141 428 praefatur:
164 370 181 406 at
200 378 226 417 τῳ
249 367 307 419 φίλον
325 365 482 422 παραδέχεσθαι
500 365 528 413 ag
548 368 605 415 ἅγιον
623 365 645 406 τὸ
664 364 769 417 βιβλίον.1

91 435 134 476 Non
149 434 211 472 nrinus
226 434 245 471 iu
265 433 344 485 synopsi
359 433 479 484 Scripturac,
501 443 545 483 cunr
564 433 659 481 Athanasii
679 434 769 485 operibus

41 507 97 549 edita,
118 501 231 553 apocryphis
253 501 393 541 adnumeratur.
411 501 484 540 Pariter
507 506 583 541 notatur
604 500 627 541 ab
645 501 768 553 Hieronymo.

41 569 218 625 „illatriiestissimus
238 568 288 607 liher
306 572 349 608 est“
369 568 394 608 ait
420 569 438 606 in
460 568 606 607 Commentariis
631 568 654 608 ad
674 570 768 620 psalmum

40 637 134 682 cxxxii,
145 641 163 676 3.
179 642 212 681 „ct
221 637 270 675 inter
280 637 400 687 apocryphos
416 641 544 688 computatur,
561 642 580 676 et
593 641 696 678 veteres
710 638 769 677 inter-

39 706 99 763 pretes
115 704 138 744 de
152 704 189 743 isto
204 702 263 742 locuti
278 707 332 748 sunt;
346 703 437 743 nonnulla
453 708 515 743 autem
526 704 664 751 nesciamus,
680 718 729 743 non
743 707 767 742 in

39 772 220 818 anctoritatem
235 770 315 811 sedin
331 773 619 812 commemorationem
648 773 766 825 Augustinus

39 845 87 884 idern
102 838 194 882 censet²
207 841 295 892 Denique
314 841 333 879 in
353 840 440 891 catalogo
458 840 570 892 Nicephori,
585 840 704 880 Patriarchae
719 842 769 880 Con·

39 909 210 959 starrtinopolitani‚
226 908 260 946 suh
275 908 321 945 rrorri
336 908 398 945 seculi
411 909 486 947 initium
500 909 584 958 scripto⁷
604 910 672 947 iterum
690 920 769 960 apocry-

39 979 78 1030 phis
92 976 146 1015 libris
161 973 321 1013 atinnrneratur.3

92 1044 231 1088 Nihilominus,
247 1052 360 1093 quamquam
375 1053 438 1092 neque
453 1054 463 1082 a
476 1040 555 1081 ludaica
566 1053 628 1094 neque
641 1054 651 1082 a
663 1043 769 1083 Christiana

38 1112 119 1153 ecclesia
140 1113 159 1150 in
175 1111 284 1161 Scripturas
299 1110 397 1149 Ganoncnr
412 1109 507 1149 admissus
527 1111 563 1157 sit.
588 1111 666 1151 celeber
688 1110 768 1150 secundi

37 1181 96 1221 seculi
111 1180 194 1230 scriptor
208 1183 295 1218 nostrum
310 1176 378 1216 librum
394 1181 412 1217 et
426 1181 448 1217 ut
461 1178 582 1229 inspiratum,
598 1183 617 1217 et
630 1183 651 1219 nt
665 1182 769 1231 germinum

37 1248 134 1297 ejusdem,
151 1246 206 1296 cujus
220 1258 291 1284 nomen
305 1246 325 1283 in
339 1246 402 1284 fronte
417 1246 475 1296 geria,
497 1258 545 1296 opus
565 1246 680 1286 considerat.
694 1241 768 1287 Tertul-

36 1318 97 1355 lianus
112 1316 131 1353 in
146 1318 225 1354 tractatu
246 1312 269 1351 dc
284 1312 401 1350 idololatria:
427 1312 493 1358 „Haec
513 1314 583 1365 igitur“
605 1315 631 1353 ait
656 1314 691 1360 „ab
712 1315 767 1354 initio

37 1380 202 1433 praevidens
218 1378 342 1427 Spiritus
358 1378 478 1421 Sanctus
493 1370 769 1430 etiamostiainsuperstitio-

37 1462 80 1490 nem
94 1453 172 1489 ventrna
186 1445 353 1502 praececinit
372 1457 417 1496 per
436 1445 649 1496 antiquissimum
669 1448 771 1498 prophe-

36 1523 83 1556 tam
92 1516 126 1555 En
135 1528 146 1553 o
154 1527 164 1552 c
172 1510 224 1559 Ι];“4
235 1513 304 1563 quibus
312 1512 375 1554 verbis
382 1516 449 1552 nostro
464 1513 617 1553 luculentissime
626 1514 770 1565 inspirationem

37 1582 105 1622 tribuit.
121 1580 161 1619 Sed
174 1581 281 1620 intractata
289 1580 316 1618 de
327 1580 398 1617 cultu
412 1580 588 1625 foeminarum,
599 1586 702 1630 postquam
712 1593 771 1630 ange-

37 1650 97 1690 lornm
109 1659 152 1689 cunr
165 1647 266 1688 hominnm
281 1644 357 1685 filiabus
370 1646 507 1685 commercium
519 1645 652 1692 memoravit,5
664 1644 770 1697 eorumque

37 1721 147 1768 sequentem
154 1727 243 1767 poenam,
249 1715 318 1754 transit
324 1713 348 1752 ad
355 1714 487 1765 quaestionem
495 1715 518 1754 de
524 1715 568 1753 libri
577 1716 686 1755 autoritate:
695 1713 769 1761 ‚‚Seio“

37 1785 61 1824 ait
75 1783 202 1838 „scripturam
216 1781 294 1828 Enoch,
315 1792 364 1832 quae
378 1782 429 1821 hunc
444 1781 530 1820 ordinem
545 1782 618 1832 angelis
638 1781 701 1826 dedit,
722 1794 772 1820 non

37 1852 115 1903 recipi
130 1863 140 1890 a
155 1849 319 1902 quibusdam,
335 1850 379 1899 quia
392 1861 438 1888 nec
453 1850 478 1887 in
489 1849 769 1888 armariumiudaicum

37 1918 186 1959 admittitur.
216 1918 299 1968 Opinor,
315 1929 354 1956 non
368 1920 479 1967 putaverunt
497 1916 549 1954 illam
569 1920 613 1954 ante
628 1916 766 1966 cataclysmum

80 2078 97 2119 1)
110 2079 128 2118 In
148 2081 234 2113 loannem.
253 2092 269 2123 p.
289 2078 326 2113 132.
346 2080 372 2113 ed.
390 2080 452 2115 Hectit.
475 2078 493 2121 2)
510 2079 535 2113 Dc
553 2081 622 2114 civitate
637 2081 679 2123 Dei,
696 2080 725 2115 lib.
736 2080 772 2115 XV·

40 2144 74 2178 cap.
86 2134 114 2172 23.
137 2135 156 2177 3]
169 2137 228 2180 Hodp,
246 2134 490 2180 ueniattoxuouepata.
514 2136 534 2178 l]
547 2136 608 2179 Opera.
621 2147 636 2179 p.
649 2136 675 2171 95.
699 2138 719 2178 5)
732 2138 773 2170 llam

39 2196 54 2223 et
65 2193 98 2234 itti,
119 2195 147 2239 qui
164 2205 185 2228 ea
202 2194 334 2235 constituerunt,
353 2193 425 2227 damnati
437 2194 455 2226 in
466 2203 539 2236 poenam
550 2195 607 2227 mortis
624 2193 732 2238 deputantur:
749 2193 773 2226 illi

39 2249 101 2285 scilicet
113 2251 180 2296 argeti,
198 2252 225 2295 qui
242 2252 262 2286 ad
274 2251 315 2285 filias
328 2252 410 2285 hominunr
423 2251 444 2284 de
460 2250 508 2284 coelo
520 2256 599 2293 ruerunt,
616 2256 634 2284 nt
649 2251 690 2286 hacc
706 2262 772 2297 quoque

38 2304 128 2346 ignominia
140 2309 222 2340 foeminae
235 2310 309 2341 accedat.
332 2308 372 2341 Nam
385 2319 421 2341 curn
434 2313 451 2340 ct
461 2309 538 2341 materias
550 2309 627 2352 quasdam
638 2309 682 2342 hene
694 2309 772 2350 occultas,

39 2364 55 2392 tl
70 2368 114 2397 artes
129 2364 218 2408 plerasque
236 2374 270 2396 non
286 2364 330 2396 hene
341 2363 424 2396 revelatas
439 2364 505 2409 saeculo
517 2363 566 2395 nrulto
578 2365 630 2406 maglo
642 2365 720 2406 imperito
732 2375 773 2407 pro-

38 2414 124 2462 didissent⁷
137 2420 161 2464 [si
170 2421 236 2465 quidem
248 2425 265 2453 et
277 2419 378 2453 metallorum
390 2426 447 2462 operta
458 2420 563 2453 nudaverant
575 2421 592 2451 et
603 2417 691 2452 herbarum
703 2421 772 2463 ingenia

38 2474 143 2511 traduxerant
155 2483 172 2511 et
184 2479 315 2511 incantationum
329 2477 372 2510 vires
382 2475 544 2520 provulgaverant),
558 2481 575 2509 et
587 2487 651 2511 onmenr
662 2478 774 2511 curiositatem

39 2538 88 2574 thue
108 2534 129 2568 ad
150 2534 232 2568 stellarum
253 2534 409 2576 interpretationem
430 2533 572 2577 designaverant,
596 2535 664 2577 proprie
689 2540 706 2568 et
727 2534 772 2577 quasi

38 2588 144 2626 peculiariter
161 2591 238 2623 foeminis
253 2591 378 2623 instrumentum
390 2591 432 2623 istud
444 2590 529 2623 muliebris
540 2590 736 2635 gloriae-contuleurnt?
748 2589 773 2623 lu-

38 2643 80 2676 mina
91 2645 196 2690 lapillorum,
220 2646 279 2691 quibus
294 2646 362 2681 monilia
379 2646 475 2688 variantur7
494 2650 512 2679 et
525 2646 596 2680 circulos
614 2656 634 2680 ex
646 2655 697 2686 auro,
716 2647 774 2690 quihus

39 2692 105 2735 brachia
123 2710 217 2744 arctantum
234 2708 252 2736 ct
262 2704 383 2737 medicamenta
399 2714 420 2737 cn
432 2703 480 2744 foco,
499 2705 559 2747 quibus
574 2704 621 2736 lanae
637 2700 741 2744 colorantur,
757 2707 774 2736 et

40 2753 82 2789 illum
94 2760 146 2801 ipsum
159 2762 223 2806 nigrum
235 2759 330 2804 pulverem,
343 2770 375 2805 quo
387 2760 471 2795 oculorum
483 2762 550 2794 exordia
564 2751 692 2804 producuntur.“
712 2759 772 2803 Opera.

41 2820 56 2850 p.
71 2812 107 2846 tao.
