1807 3145
298 146 325 181 iet.
338 148 392 180 editus
403 157 413 178 a
424 146 470 178 uicta
484 145 572 179 Laureuce,
746 167 749 171 ,
764 145 799 182 161

73 274 134 311 morte
149 269 248 319 abreptum
261 262 294 310 iri,
309 260 345 302 sed
359 260 396 300 hoo
412 260 495 300 obscure
510 257 538 298 sic
554 255 650 304 describit,
666 257 719 310 quasi
735 266 802 297 omues

58 338 162 384 homines
177 347 221 375 cum
236 346 259 373 eo
275 330 331 370 simul
345 329 431 385 morituri
447 333 466 375 et
481 327 572 378 deinceps
584 326 679 377 judicium
693 332 804 367 secuturum

75 406 111 452 sit,
127 415 171 444 cum
184 402 222 443 tine
237 380 314 446 nundi,
330 396 382 450 quod
395 408 452 435 nemo
466 394 571 447 impostor,
587 400 631 447 post
645 395 740 435 Christum
753 404 804 434 mor·

73 477 138 516 tuum,
154 471 196 509 sine
211 468 326 509 absurditate
341 464 426 502 scribere
435 463 506 513 potuit.
534 463 633 508 Omnibus,
649 475 697 513 quae
710 464 804 512 adipsum

73 535 165 579 Messium
178 535 283 588 pertinent,
297 531 344 571 nihil
358 532 420 575 inest,
436 528 488 579 quod
502 541 541 568 non
556 541 599 568 cum
612 528 696 570 ludaicis
711 528 805 580 opinioni·
840 580 846 589 '

74 606 110 645 bus
126 605 197 655 optime
211 608 261 643 stare
276 597 357 653 possit¹

96 710 98 716 χ
128 672 155 712 Ex
169 672 193 710 iis
207 667 269 723 igitur,
286 679 334 720 quae
350 677 407 717 supra
422 664 465 710 dixi,
481 664 571 704 credibile
586 668 621 710 est,
636 669 734 704 auctorem
747 663 804 714 hujus

75 739 119 777 libri
129 738 222 777 Judaeum
236 739 302 781 tuisse,
318 738 394 774 etante
410 733 526 772 Christianae
541 744 597 771 aerae
610 733 684 771 initium
698 733 805 782 scripsisse.

74 806 128 845 Idem
142 805 199 845 etiam
214 802 335 853 comprobari
349 800 423 842 videtur
435 800 476 845 his,
500 810 549 850 quae
564 799 656 850 capitibus
670 799 772 839 undecimo
787 802 806 836 et

75 873 188 913 duodecimo
205 871 337 913 continentur,
359 867 382 907 ad
396 857 476 907 Romani
490 866 544 918 regni
559 865 653 906 excidium
666 865 786 918 pertinentia.

78 953 80 957 ’
129 926 228 991 Equidem,
241 949 285 978 cum
294 936 363 975 librum
374 935 492 989 apocryphis,
507 947 546 973 non
557 935 653 985 inspiratis
666 935 764 986 scripturis
777 946 807 974 ac-

76 1002 172 1053 censeam,
187 1006 214 1045 nil
224 1015 289 1045 moror
301 1001 425 1053 exponendae
440 1000 482 1050 ejus
492 1001 571 1041 visionis
581 1002 695 1042 rationema
704 1002 806 1042 Whistone

76 1080 95 1114 et
115 1075 156 1114 aliis
175 1074 252 1118 initam,
283 1070 314 1121 qui
334 1070 394 1109 Enrae
413 1073 479 1108 nostro
499 1068 548 1108 inter
574 1069 678 1120 scriptores
699 1070 804 1109 canonicos

33 1150 35 1153 ’
75 1140 141 1192 locum
162 1138 272 1191 adsignant,
295 1135 379 1187 ideoque
394 1145 447 1178 eum,
469 1138 490 1173 ut
503 1134 607 1184 genuinum
620 1133 803 1187 videlicet‘prophe-

74 1192 125 1254 tarn,
152 1220 190 1247 non
210 1218 242 1246 res
264 1214 312 1256 quae
332 1202 373 1252 jam
397 1206 499 1242 evenerant
522 1201 558 1241 sub
585 1203 673 1244 simulata
691 1202 805 1255 prophetiae

75 1275 142 1326 specie
157 1259 295 1324 descripsisse,
319 1269 355 1310 sed
369 1274 414 1310 vere
434 1269 510 1327 futuras
523 1270 620 1311 revelasse
635 1276 737 1312 autumant.
759 1270 806 1310 vSed

75 1343 122 1380 haec
137 1341 274 1391 interpretatio,
291 1337 379 1377 obsoleta
386 1337 433 1386 iam,
448 1341 484 1376 nec
496 1349 544 1376 cum
555 1339 629 1379 rarione
645 1352 691 1380 sana
701 1340 804 1386 consentit,

75 1419 111 1448 nec
127 1418 170 1447 cum
184 1407 243 1446 rectis
255 1403 355 1456 judicandi
369 1404 452 1455 regulis,
467 1407 534 1442 nostro
548 1405 614 1450 seculo
628 1406 719 1457 probatis.
749 1403 807 1445 Gor-

75 1487 100 1514 ro
107 1470 175 1513 dius²
184 1477 254 1519 tamen,
265 1471 349 1523 quamvis
360 1469 436 1511 diverso
446 1470 539 1521 principio
549 1473 611 1519 nisus,
621 1485 684 1525 neque
694 1470 805 1526 inspiratum
820 1492 823 1495 s

75 1554 120 1581 esse
134 1545 232 1580 auctorem
247 1540 340 1598 credens,
361 1538 381 1575 in
395 1536 504 1577 definiendo
518 1543 622 1599 tempore,x
637 1541 657 1580 in
672 1540 723 1592 quod
737 1541 806 1580 cadere

74 1609 159 1650 visiones
172 1608 215 1647 libri
229 1606 314 1657 conjicit,
327 1605 404 1645 illorum
416 1605 551 1657 theologorum
564 1607 644 1659 vestigia
653 1609 745 1659 sequitur.
761 1609 805 1660 Opi·
818 1646 820 1649 .

74 1680 129 1716 natur
143 1676 204 1721 enirn,
230 1672 365 1714 duodecim
384 1672 433 1713 alis
452 1673 538 1723 aquilae,
558 1675 667 1716 invisione
685 1677 804 1721 memoratis,

75 1743 207 1781 duodecim
222 1742 346 1779 Caesares
360 1740 432 1788 primi
446 1740 539 1784 seculi,
561 1745 580 1780 et
594 1748 649 1782 octo
662 1745 745 1792 parvis
760 1744 805 1784 alis

74 1810 121 1859 (sive
136 1808 268 1860 capitibus
288 1807 394 1847 secundum
408 1806 529 1857 Aethiopem)
550 1813 610 1848 octo
626 1808 748 1851 Caesares
767 1823 805 1849 se-

74 1876 126 1916 culi
147 1875 257 1916 secundi
278 1874 386 1925 significari.
422 1874 462 1913 Sed
482 1874 532 1913 hanc
545 1876 732 1928 interpretationem
751 1878 803 1916 nullo

73 1945 197 1983 fundamento
207 1943 247 1989 nit-i,
262 1941 384 1992 Vogelius
394 1942 440 1981 satis
452 1940 541 1981 ostendit.
556 1942 632 1982 Addere
642 1944 704 1990 velim,
719 1944 804 1983 Pseudo-

73 2021 137 2049 ezram
151 2020 191 2047 non
204 2019 264 2058 posse
278 2007 313 2046 sub
328 2007 438 2046 secundi
453 2006 530 2046 demum
545 2010 605 2058 seculi
621 2010 681 2050 finem
694 2012 803 2060 scripsisse,

74 2077 143 2129 quippe
158 2077 190 2128 qui
205 2076 274 2116 eodem
289 2076 362 2121 seculo,
377 2080 398 2115 ut
412 2074 456 2121 diri,
470 2076 567 2126 inspiratis
581 2076 655 2116 vatibus
671 2076 804 2116 adnumeretur

74 2157 84 2184 a
98 2145 197 2185 Clemente
211 2143 346 2185 Alexandrino.

90 2275 92 2277 ι
129 2221 149 2261 Si
164 2222 221 2274 igitur
236 2220 376 2270 duodecim
389 2220 442 2260 alae
461 2222 536 2272 aquilae
555 2221 657 2262 duodecim
670 2223 742 2274 primos
758 2224 804 2262 (lae-

73 2300 126 2327 sares
140 2290 250 2333 Romanos,
265 2289 282 2327 si
297 2294 341 2328 octo
356 2299 448 2338 parvae
464 2288 531 2334 alae,
551 2289 589 2329 vel
604 2291 697 2339 capita,
712 2295 757 2328 octo
773 2302 803 2328 se-

74 2355 258 2403 quentesCaesares
273 2367 311 2394 non
325 2354 415 2399 indicant,
432 2353 477 2405 quid
490 2353 554 2394 aliud?
567 2354 658 2405 Vogelius
668 2355 752 2406 ingenue
764 2356 804 2393 sic:

74 2420 127 2471 „ugo
137 2434 172 2462 me
186 2422 271 2469 nescire,
292 2422 361 2468 fateor,
377 2425 396 2461 ct
410 2421 474 2461 oleum
489 2433 604 2472 operamque
618 2413 801 2473 perditurumesse,

14 2531 19 2537 ,
75 2487 106 2537 qui
119 2488 139 2527 id
154 2494 245 2536 conetur,
268 2488 336 2529 credo!
368 2488 416 2537 Quis
432 2489 483 2528 enim
498 2489 583 2540 Oedipus
597 2490 654 2530 nobis
669 2489 754 2535 dabitur,
770 2492 801 2541 qul

73 2546 150 2602 iudaei,
169 2558 260 2597 historiae
277 2559 364 2598 fortassis
383 2557 465 2603 indocti,
487 2558 581 2609 imagines
596 2559 708 2610 prophetica
721 2561 800 2611 caligine

74 2662 144 2672 *a-

118 2733 135 2774 1)
148 2736 206 2780 Opem.
216 2739 254 2794 lici.
264 2740 280 2780 1,
295 2739 359 2782 pito.
383 2740 401 2781 2)
415 2742 447 2775 vid.
461 2741 526 2786 Vogelii
539 2743 698 2785 curnrueutationem,
712 2753 726 2785 p.
740 2741 767 2777 rh.
777 2742 804 2775 50,

96 2805 155 2850 Propi.
651 2822 658 2856 1
665 2822 672 2855 1
