1807 3145
357 156 420 189 llrroohi
431 157 478 190 liber.

323 270 383 310 oar.
403 250 514 315 annnam.

112 352 128 395 1)
144 351 192 388 Tum
203 361 251 404 unas
263 362 273 387 e
284 356 364 399 quatuor
373 352 415 390 istis
426 352 449 390 ad
459 354 513 391 albos
527 358 591 392 tauros
607 355 694 395 accessit,
710 365 783 401 eosque
854 376 855 379 =

56 419 165 477 mysterium
180 417 268 463 edocuit,
284 416 328 456 dnm
342 417 465 468 trepidabant.
484 418 507 459 Et
520 424 632 470 procreatus
647 424 713 459 estne
727 423 782 458 natus

58 481 141 532 homo,¹
165 488 184 524 et
198 497 286 537 magnam
300 484 336 524 sibi
350 484 447 527 fabricavit
461 498 530 526 arcam.
558 487 578 526 ln
592 487 629 526 hae
642 485 744 530 habitabat,
765 489 784 524 et

56 563 92 595 tres
107 552 154 591 tauri
170 564 213 591 cum
228 565 252 591 eo
266 552 286 591 in
300 553 335 591 hac
350 564 394 592 arca
407 553 526 599 habitabant,
546 566 594 604 qnae
609 567 642 593 eos
657 554 738 604 tegebat.

110 621 129 666 1)
143 621 214 658 Iterum
228 620 296 658 oculos
310 632 365 658 meos
380 620 403 659 ad
417 621 492 660 coelum
507 622 581 667 sustuli,
597 627 616 660 et
630 609 727 661 excelsum
739 633 785 659 oon-

59 689 110 738 speri
129 691 206 726 tectum.
235 687 297 736 Super
316 686 354 724 hoo
369 692 442 737 septem
457 693 510 728 erant
527 694 644 734 cataractae,
668 700 716 739 quae
731 687 785 726 aulae

57 753 131 797 cuidam
145 753 225 793 multum
239 765 300 805 aquae
315 752 443 796 infundebant.

116 821 135 869 3)
149 821 219 861 lterum
233 821 282 867 vidi,
297 826 317 861 et
330 833 377 861 eece
391 822 454 861 fontes
468 822 616 874 prorumpebant
629 824 648 861 in
662 827 712 862 terra
724 823 786 864 inin-

58 891 108 943 genti
121 890 154 943 illa
169 891 216 929 aula.

115 955 135 1003 3)
149 957 173 995 Et
187 968 234 1006 aqua
249 955 376 996 effervescere
391 958 454 1006 eoepit
467 962 487 996 ot
501 960 640 1007 superterram
654 959 744 1001 surrexit,
761 959 787 996 ita

34 1060 37 1063 .
58 1030 78 1064 nt
95 1024 136 1064 aula
159 1036 198 1063 non
217 1025 297 1075 amplius
317 1025 402 1075 conspici
421 1030 503 1075 posset,
520 1037 564 1064 nam
583 1029 643 1064 totum
664 1024 704 1076 ejus
726 1024 788 1063 solnm

60 1104 107 1143 aqua
122 1092 225 1143 tegebatur.

112 1159 205 1208 51111111
223 1172 280 1211 super
301 1171 323 1199 ea
344 1164 383 1199 erat
402 1172 461 1211 aqua,
484 1160 546 1211 caiigo
568 1165 587 1199 et
605 1159 670 1199 nubes.
697 1159 722 1200 ut
741 1171 788 1198 ecce

59 1238 118 1276 aquae
133 1228 211 1266 altitudo
227 1227 328 1277 superabat
343 1227 461 1266 altitudinem
476 1227 578 1275 cujuslibet
592 1227 650 1263 aulae.

113 1295 132 1342 6)
148 1293 367 1344 11111111111111111,
389 1297 407 1332 et
421 1296 492 1332 terram
507 1287 631 1343 obtegebat)

67 1354 68 1357 ¹
114 1363 133 1410 7)
147 1363 170 1401 Et
186 1374 252 1400 omncs
266 1362 326 1406 tauri,
349 1362 382 1411 qui
396 1361 422 1399 ibi
437 1361 547 1411 congregati
562 1364 625 1404 erant,
649 1362 669 1399 in
684 1364 790 1409 conspectu

61 1443 104 1470 meo
119 1430 214 1470 submersi
229 1440 276 1479 aqua
289 1428 392 1479 perierunt.

114 1498 133 1545 8)
150 1498 190 1534 Sed
210 1509 254 1535 arca
272 1497 304 1534 illa
324 1498 344 1534 in
365 1509 387 1534 ea
405 1496 484 1534 natabat.
514 1496 587 1532 Omnes
605 1495 664 1538 tauri,
687 1493 788 1542 elephanti,

61 1556 129 1603 cameli
143 1568 162 1602 et
176 1565 224 1602 asini
238 1564 372 1612 mergebantur
385 1563 404 1600 in
418 1566 467 1612 terra
483 1565 502 1598 et
517 1573 584 1598 omnes
604 1561 695 1606 pecudes.
723 1559 790 1609 Neque

62 1631 125 1672 videre
141 1630 221 1681 amplius
237 1641 271 1668 eos
287 1633 379 1680 poteram.
408 1627 455 1666 Nam
469 1638 508 1665 non
522 1624 609 1665 valebant
624 1632 734 1672 assurgere,
755 1619 789 1659 sed

61 1700 158 1748 perierunt
173 1702 191 1737 et
205 1698 224 1737 in
239 1695 353 1747 protundum
368 1695 440 1744 delapsi
455 1698 503 1732 suin.

119 1766 138 1812 1))
152 1765 222 1803 lterum
235 1764 255 1801 in
269 1763 343 1802 visione
358 1761 460 1810 conspexi,
477 1757 573 1810 quomodo
588 1760 693 1796 cataractae
707 1753 750 1791 illae
764 1765 793 1790 re-

64 1836 163 1871 cesserunt
182 1843 191 1870 a
211 1835 263 1869 tecto
285 1828 372 1869 excelso,
400 1831 419 1865 et
437 1826 501 1864 fontes
521 1829 583 1862 terrae
605 1821 679 1871 aequati
699 1823 752 1862 sunt,
775 1822 794 1855 et

64 1899 128 1950 abyssi
142 1898 279 1950 aperiebantur,
726 1941 728 1943 q

108 1968 139 2015 10)
154 1968 175 2005 ln
193 1977 239 2016 quas
253 1965 311 2015 aqrrae
326 1961 444 2001 descendere
461 1964 570 2009 coeperunt,
585 1958 647 1995 donec
660 1956 712 1993 sicca
724 1954 792 1991 humus
819 1983 821 1986 .

66 2035 170 2086 apparebat.

109 2102 140 2148 11)
154 2102 177 2140 Et
187 2101 219 2139 illa
231 2110 273 2138 arca
288 2100 307 2137 in
317 2103 368 2136 terra
377 2096 449 2134 haesit:
461 2095 522 2144 caligo
532 2093 620 2137 recessit,
637 2096 656 2129 et
664 2091 695 2127 lux
703 2088 795 2125 inclaruit.

109 2169 141 2216 la)
156 2168 206 2207 Tum
221 2167 275 2206 albus
289 2166 337 2211 bos,
360 2164 390 2214 qui
405 2163 463 2200 homo
477 2161 538 2200 tactus
553 2164 591 2205 est,
607 2170 629 2196 ex
645 2169 689 2195 arca
703 2155 757 2199 exiit,
779 2158 798 2192 et

68 2247 111 2274 oum
126 2248 149 2273 eo
163 2238 203 2273 tres
218 2233 273 2272 tauri.

110 2300 141 2347 13)
155 2300 179 2339 Et
199 2311 247 2337 unns
270 2309 280 2336 e
301 2296 361 2336 tribus
383 2294 441 2334 tauris
461 2293 514 2333 albus
535 2296 584 2336 erat,
606 2291 651 2331 bovi
670 2290 702 2329 isti
720 2287 798 2331 similis;

68 2376 116 2404 rmus
138 2366 195 2404 ruber
214 2366 264 2403 sieut
288 2362 375 2415 sanguis,
399 2366 418 2399 et
436 2360 502 2398 tertius
522 2358 582 2407 niger.
617 2357 641 2395 Et
659 2355 712 2394 albus
734 2358 798 2393 taurus

70 2434 151 2474 secessit
165 2445 175 2472 a
189 2432 276 2484 reliquis.

113 2503 144 2550 14)
158 2503 181 2541 llt
194 2502 246 2539 ferae
261 2500 324 2550 campi
338 2503 357 2537 et
371 2509 415 2537 aves
431 2499 536 2545 coeperant
549 2504 621 2542 parere.

114 2569 145 2616 15)
161 2568 250 2606 Omnium
264 2567 333 2603 horum
348 2564 422 2602 diversa
436 2573 507 2611 genera
522 2564 636 2609 congregata
650 2563 705 2602 sunt,
726 2558 802 2613 leones,

71 2633 140 2685 tigres,
154 2635 205 2686 lupi,
220 2644 288 2678 canes,
304 2632 355 2682 apri,
370 2630 448 2680 vulpes,
465 2627 547 2668 curriculi
562 2631 581 2667 et
595 2636 646 2671 sues,
