1807 3145
415 204 479 238 Enoehi
490 205 537 238 liber.

330 328 390 369 aar,
411 328 456 369 XCI.
483 328 536 381 [sect.
552 328 598 370 XlX.
609 327 622 381 1)

170 420 187 467 1)
203 419 261 468 Quod
279 420 301 459 ab
321 420 400 461 Enoeho
419 423 512 473 scripturn
532 428 567 463 est.
594 424 647 463 Hanc
662 426 766 476 sapientiae
784 428 841 472 infor-

113 489 216 528 mationem
232 489 308 537 scripsit
323 489 401 529 cuilibet
411 490 493 529 vhomini
506 491 575 530 illustri
594 496 612 530 et
627 493 686 532 cuivis
700 499 762 533 terrae
774 494 840 544 judici,

114 555 202 596 omnibus
216 556 281 595 liberis
297 555 357 603 meis,
374 556 439 607 quiin
453 561 503 598 terra
517 549 632 604 habitabunt,
648 564 666 598 et
681 560 841 613 subsequentibus

44 641 46 643 ·
113 624 215 671 aetatibus,
236 617 284 675 quae
299 624 421 665 ambulabunt
433 625 452 665 in
468 627 581 668 rectitudine
596 630 615 668 et
628 637 681 678 pace.

168 692 188 740 a)
203 692 230 742 Ne
251 692 327 742 spiritus
344 697 410 732 ,vester
423 699 506 745 'angatur
525 700 603 746 propter
615 695 646 740 id,
671 695 722 746 quod
742 703 841 740 venturum

115 765 155 804 est3
169 758 214 799 nani
229 760 311 798 Sanctus
326 766 346 799 et
357 762 437 810 Magnus
453 763 541 801 omnibns
556 776 611 801 suurn
621 750 748 814 praescripsit
761 771 841 817 tempus.

175 826 194 876 3)
209 826 272 867 Homo
284 826 347 878 justus
363 839 373 868 e
388 839 456 867 somno
471 833 545 880 surgat,
568 833 632 881 surgat
646 834 665 870 ct
678 831 809 883 progrediatur
822 836 841 875 in

113 896 142 936 via
163 893 257 945 justitiae,
281 896 300 934 in
320 894 470 946 ornnibusejus
485 897 531 943 viis,
554 901 573 938 et
592 897 677 940 ambulet
691 900 710 940 in
725 897 809 943 bonitate
823 910 842 944 et

113 968 191 1002 aeterna
216 963 280 1014 gratia.
321 963 425 1002 Clementia
448 964 565 1004 exhibebitur
584 966 656 1006 homini
672 966 736 1017 justo,
759 970 779 1008 in
799 983 842 1010 curn

37 1075 39 1077 ,
113 1031 223 1070 conferetur
243 1030 340 1080 integritas
359 1034 378 1069 ct
398 1032 483 1079 potentia
502 1032 522 1070 in
543 1037 647 1073 aeternum.
680 1035 700 1074 ln
720 1026 804 1076 bonitate
824 1045 842 1078 et

111 1097 185 1147 justitia
199 1098 253 1144 vivet,
269 1101 288 1136 et
301 1096 404 1137 ambulabit
417 1098 436 1137 in
451 1102 528 1138 aeterna
542 1100 597 1146 luee;
612 1100 647 1140 sed
660 1106 760 1152 peceatum
774 1105 842 1153 peribit

112 1167 131 1206 in
147 1169 223 1206 aeternna
238 1163 324 1217 ealigine,
339 1177 402 1217 neque
417 1165 440 1206 ab
456 1178 479 1206 co
493 1165 538 1206 inde
553 1170 639 1220 tempore
654 1169 734 1221 amplius
749 1169 842 1212 videbitur

111 1235 130 1274 in
146 1239 248 1275 aeternum.

407 1317 467 1354 GAP.
489 1316 543 1354 XCII.

170 1406 187 1455 1)
202 1405 276 1445 Deinde
290 1405 356 1445 Enoch
370 1406 493 1455 pronuntiare
508 1406 572 1456 coepit
587 1416 597 1444 e
611 1405 670 1451 libris,
716 1426 717 1429 =

167 1474 189 1524 2)
204 1474 227 1514 Et
240 1474 307 1514 Enoch
321 1472 376 1512 dixit:
391 1472 414 1512 de
429 1471 473 1512 filiis
481 1472 572 1522 justitiae,
587 1472 611 1512 de
624 1472 690 1512 electis
704 1473 774 1518 nrundi,
790 1477 809 1513 et
819 1471 842 1511 de

109 1540 195 1589 justitiae
211 1545 230 1580 et
244 1541 356 1592 integritatis
370 1540 433 1589 planta

167 1606 186 1655 3)
200 1606 230 1644 De
244 1605 274 1643 his
288 1605 346 1643 rebus
360 1605 439 1655 loquar;
454 1609 473 1643 et
486 1604 520 1644 has
535 1617 567 1644 res
581 1606 641 1650 vobis,
656 1606 712 1645 liberi
726 1607 770 1651 roei,
786 1606 842 1655 expli-

112 1676 173 1720 cabo,
189 1685 225 1725 ego
242 1673 289 1724 [qut]
304 1684 347 1711 sum
356 1673 428 1713 Enoch.
442 1674 469 1712 Ex
483 1673 519 1718 his,
535 1685 582 1723 quae
597 1674 644 1712 mihi
659 1673 816 1718 ostendebantur,
832 1685 843 1711 e

114 1743 195 1784 coelesti
207 1753 250 1781 rnea
262 1740 335 1781 visione
354 1744 372 1779 et
383 1753 394 1780 e
404 1752 452 1780 voce
465 1744 575 1780 sanctorum
590 1740 700 1792 angelornm
714 1739 842 1791 cognitionem

110 1812 188 1861 percepi
203 1813 222 1848 et
235 1822 246 1847 e
261 1809 310 1846 coeli
324 1808 387 1846 tabula
400 1807 519 1847 intellec-tum
534 1809 632 1858 acquisivi.

167 1876 187 1924 4)
200 1877 223 1915 llt
237 1875 303 1914 Enoch
319 1886 329 1913 e
343 1874 396 1913 libris
406 1876 529 1924 pronuntiare
543 1875 606 1925 coepit
620 1879 639 1914 et
651 1875 726 1913 dicere:
741 1886 776 1925 ego
787 1878 842 1912 natus

114 1957 157 1984 sum
173 1943 254 1995 septimo
273 1941 304 1981 die
322 1943 394 1992 primae
414 1942 548 1989 hebdomadis,
571 1955 614 1982 eum
631 1941 724 1992 judicium
739 1946 759 1981 et
770 1939 843 1991 justitia

113 2014 207 2064 patienter
221 2014 359 2062 exspectarent.

164 2079 187 2126 b)
203 2077 242 2120 Sed
259 2082 304 2127 post
323 2089 365 2122 me,
388 2077 472 2116 secunda
492 2077 622 2120 hebdomade,
643 2089 711 2127 magna
729 2075 842 2127 improbitas

112 2149 186 2197 surget,
205 2148 224 2183 et
237 2144 288 2182 fraus
303 2142 407 2193 pullulabit

167 2213 186 2261 6)
200 2214 223 2252 Et
235 2213 255 2251 in
265 2223 287 2251 ea
302 2212 337 2251 erit
346 2212 418 2262 primus
428 2211 479 2258 linis,
495 2216 514 2251 et
526 2207 592 2251 unus²
605 2211 663 2250 homo
675 2196 791 2249 incolumnis
801 2209 842 2249 erit.

167 2281 188 2328 7)
203 2279 242 2319 Sed
256 2278 287 2317 ubi
304 2279 380 2330 [prima]
397 2280 492 2331 completa
506 2282 546 2325 est,
563 2278 652 2329 iniquitas
667 2280 751 2323 crescet,
772 2280 791 2315 et
804 2276 843 2316 llo·

114 2347 176 2385 minus
192 2349 296 2396 exequetur
309 2345 407 2385 decretum
423 2346 447 2386 de
462 2346 601 2397 peccatoribus.

158 2415 186 2462 --Si
200 2415 280 2459 Postea,
295 2414 350 2453 tertia
364 2413 494 2460 hebdomade,
510 2412 555 2451 dum
569 2411 685 2463 completur,
701 2406 743 2453 vir5
757 2410 777 2449 in
790 2410 843 2461 plan-

111 2486 150 2520 tam
161 2480 208 2530 justi
220 2480 287 2530 judicii
301 2482 393 2534 eligetur,
418 2486 439 2522 et
452 2486 497 2533 post
515 2492 559 2520 euna
571 2480 655 2530 justitiae
668 2478 732 2531 planta
745 2478 810 2520 veniet
822 2478 841 2517 in
852 2468 856 2471 ⁵

112 2554 215 2589 aeternum

169 2616 277 2667 ailianae
300 2623 365 2667 quarta
386 2617 519 2662 hebdomade,
547 2617 591 2654 dum
613 2616 729 2667 completur,
758 2614 842 2653 visiones

112 2689 222 2724 sanctorum
237 2689 256 2727 et
267 2682 362 2735 justorum
377 2684 496 2732 videbuntur,
511 2682 558 2723 ordo
572 2696 606 2735 pro
620 2682 773 2736 generationem
785 2692 842 2732 gene-

158 2839 177 2882 1)
189 2840 234 2874 Paris
246 2839 274 2872 ills<
298 2839 317 2881 2]
330 2812 382 2876 noan,
406 2838 425 2879 3)
437 2839 523 2872 abranam.
