1758 3137
215 157 220 162 Ι
265 167 292 199 lat.
306 177 352 199 verua
366 178 374 198 a
387 168 433 199 Rich.
446 168 535 199 Lcrrrcace.
742 177 769 213 47

39 278 121 322 allatum:
151 278 271 324 „Descendit
284 281 383 322 visurus
402 295 489 322 omnes
504 287 646 330 creaturas,
662 295 709 335 qaas
722 296 768 323 con-

39 346 335 389 dideratsonctusBenedictus.
365 348 414 389 Sed
434 362 480 389 non
501 349 600 390 invenit
619 356 657 390 ast
680 352 769 391 tiorem

40 414 133 466 (hebraice
150 416 338 468 sapientiorem)
354 417 382 456 ad
396 418 618 465 malefaciendum,
635 430 706 470 qnam
721 431 770 459 scr-

38 488 153 534 pentcm.“
189 484 246 531 Quod
265 485 281 524 si
296 497 339 524 cnm
354 488 478 537 sequentihus
493 487 577 528 Miltonis
592 488 656 528 verbis
672 500 768 538 compara-

40 558 73 596 tur,
89 550 191 591 similitudo
212 554 240 592 rei
255 565 293 592 non
307 558 371 604 potest
383 555 455 594 latere:
469 561 472 567 '

371 631 399 664 the
411 632 440 664 orb
452 632 474 664 he
486 632 552 665 roamed

160 686 204 718 With
216 697 282 720 narrow
294 689 361 727 search,
375 690 407 719 and
418 689 460 721 with
471 690 564 731 inspection
577 689 619 731 deep

160 741 262 777 Gonsidcrcd
275 754 327 787 every
339 749 423 785 creature,
436 745 492 779 which
504 745 523 778 ol
533 745 555 779 all

116 841 117 845 Ἰ
160 799 202 835 blost
213 806 305 844 opportune
318 801 370 846 might
381 812 430 835 serve
442 802 466 835 lris
478 802 535 842 wilcs3
548 797 579 845 and
592 802 643 835 found

161 858 195 891 The
206 863 274 903 serpent
284 858 354 892 subtlest
364 859 411 892 beast
423 859 442 892 ol
452 858 472 892 all
484 860 512 892 the
524 859 567 892 field.
603 858 673 893 Linlx.
681 857 754 893 82-87.
767 860 771 880 ¹

94 928 167 965 Eodem
187 929 279 966 Elieceris
300 930 361 977 capite
381 930 466 972 Samaei,
487 935 576 978 serpente
595 929 671 978 penitus
691 929 785 975 ditionis-

33 1005 86 1033 suue
104 994 164 1040 lacto,
185 996 247 1034 hocce
267 994 325 1034 modo
341 1006 407 1034 secum
422 994 529 1035 deliberans
544 994 651 1035 inducitur:
676 995 710 1040 „Si
725 995 771 1034 allo-

42 1073 90 1111 quor
103 1061 229 1108 ddamum,
252 1063 293 1101 scio
314 1063 367 1101 illum
385 1063 432 1101 mihi
453 1076 491 1102 non
507 1063 690 1113 obtemperaturum,
714 1064 772 1113 quia

43 1128 79 1168 air
94 1141 196 1180 semper
211 1129 353 1169 difficilior
367 1134 411 1175 est,
428 1141 498 1181 quam
512 1133 537 1169 ut
551 1130 680 1170 avellatur
695 1141 793 1187 asem
813 1168 814 1172 ,

41 1198 127 1236 tentia
142 1209 195 1237 sua:
216 1197 251 1237 sed
265 1210 312 1237 vero
326 1197 465 1236 mulierem
480 1198 561 1243 affabor,
582 1198 655 1246 cujrrs
669 1197 736 1236 levis
752 1202 775 1235 et

42 1263 175 1304 instabilis
203 1272 242 1306 ost
267 1266 417 1306 senteutia.“
459 1266 532 1305 Eodem
560 1266 618 1305 modo
646 1266 666 1304 in
687 1263 776 1315 paradiso

43 1332 112 1372 amisso
128 1332 207 1372 Satanas
220 1332 279 1374 livam
293 1335 386 1370 semotam
401 1332 423 1370 ab
434 1332 511 1387 Arlamo
527 1333 659 1379 conspiciens,
675 1331 776 1368 exclamat:

389 1406 450 1438 behold
462 1406 510 1438 alone

165 1463 198 1496 The
211 1473 287 1504 woman,
300 1468 393 1507 opportunae
404 1468 420 1495 to
432 1461 457 1495 cdl
468 1466 552 1505 uttempts,

165 1521 199 1554 Her
212 1519 296 1560 brulocd,
310 1519 335 1552 lor
347 1520 353 1552 i
365 1520 410 1553 view
422 1518 447 1552 iar
459 1519 524 1560 round,
536 1523 566 1551 not
577 1518 627 1562 ntgh,

169 1576 226 1610 Wbose
238 1576 295 1619 biplici·
305 1575 409 1609 intellectuat
420 1586 464 1607 ruore
475 1576 481 1606 i
493 1575 540 1607 sireni.
587 1575 623 1608 Lib.
630 1572 657 1607 lx.
670 1573 776 1610 leo-nist

97 1649 140 1688 Alia
155 1647 233 1687 imitatio
249 1646 334 1686 occurrit
347 1647 367 1685 in
382 1647 418 1692 iis,
441 1658 489 1697 quae
510 1656 554 1685 cnm
567 1645 605 1686 Eva
619 1649 701 1685 tentator
717 1647 776 1686 collo-

45 1717 118 1768 quitur,
141 1715 224 1754 fructum
243 1714 323 1755 vetitum
337 1713 431 1752 offerens:
461 1712 508 1759 „En
523 1724 558 1751 me
567 1715 576 1732 “
592 1716 613 1751 ut
626 1712 714 1751 Vorstius
728 1708 791 1753 nites

45 1784 96 1823 ueris
116 1777 175 1822 'verba
193 1780 259 1822 reddit
280 1781 400 1828 „accessi
420 1781 459 1820 vei
481 1773 574 1832 attigi³
596 1779 727 1825 arborem,
754 1786 779 1819 et

44 1864 95 1890 non
116 1862 171 1890 sum
190 1855 317 1899 mortuus,
340 1849 435 1888 accede
455 1861 555 1900 quoque
574 1848 602 1887 erl
624 1853 714 1888 eamet
731 1861 778 1888 non

45 1920 106 1958 mori
115 1919 184 1958 eris.“
214 1916 271 1965 Quod
285 1906 341 1969 parva
357 1928 400 1955 cum
414 1917 519 1956 mutatione
534 1917 561 1955 sic
576 1915 658 1956 reddidit
671 1914 750 1954 Milton:

401 1992 515 2024 Loobournc

167 2048 193 2080 illc
204 2047 239 2080 celto
251 2047 291 2080 benc
303 2048 371 2080 touched
383 2048 416 2080 cred
426 2030 490 2089 insted,
502 2053 528 2091 pet
540 2047 576 2080 both
588 2048 628 2088 lise,

166 2106 203 2139 hnd
215 2105 244 2138 lile
256 2115 302 2139 more
314 2106 379 2148 perfect
391 2106 433 2139 have
446 2106 530 2146 attalum,
544 2105 583 2138 than
595 2106 630 2139 iate
692 2149 693 2152 Ἴ

170 2164 268 2197 lllcantme.
281 2182 302 2187 —
477 2206 479 2210 y
526 2161 596 2195 Liblll.
609 2162 712 2197 687-690.

167 2219 226 2259 anen
238 2220 257 2253 ol
267 2219 295 2253 the
307 2220 396 2260 universe,
409 2219 429 2251 do
441 2218 540 2251 cotidiene

168 2277 218 2310 These
229 2277 273 2321 ripid
285 2276 345 2308 tinente
357 2277 377 2316 cf
386 2275 443 2308 dectb:
457 2286 476 2318 pe
487 2274 530 2308 shall
537 2281 566 2308 uot
574 2276 605 2309 die.
629 2275 670 2310 Ibin
677 2274 717 2318 684,
724 2275 778 2310 585st

91 2389 109 2432 1)
129 2389 188 2423 Orbem
209 2388 316 2432 permigravit
336 2392 411 2419 accurata
435 2386 559 2429 disquisitione,
584 2392 601 2419 et
620 2386 652 2420 alta
675 2389 780 2432 inspectione

47 2448 164 2481 considerabat
180 2456 236 2479 omnes
253 2445 347 2485 creaturas,
367 2454 446 2487 quaenam
462 2446 533 2476 omnium
548 2446 617 2477 mammo
633 2450 726 2489 opportuna
737 2453 781 2480 esset

47 2503 67 2536 ad
79 2504 184 2539 serviendum
197 2503 282 2536 fraudibus
293 2502 354 2545 ipsius;
373 2507 389 2533 et
405 2502 503 2534 inveniebat
519 2506 613 2545 serpentem
626 2504 739 2536 astutissimam
750 2504 781 2537 be—

50 2562 97 2595 stiam
109 2563 183 2595 universi
195 2561 253 2604 campi.
276 2557 296 2601 2)
308 2559 333 2592 En
346 2558 395 2592 solam
406 2558 497 2600 mulierem,
511 2562 554 2592 omni
565 2561 653 2593 tentationi
664 2566 781 2603 opportunam3

47 2618 107 2660 conjux
119 2618 164 2661 ejus,
177 2628 214 2651 nam
226 2614 283 2660 procul
295 2616 416 2657 circumspicio,
429 2614 479 2658 longe
492 2617 544 2658 abest,
558 2616 603 2658 cujus
615 2617 692 2659 majorem
705 2618 781 2651 intellec-

47 2677 81 2705 tum
92 2680 152 2707 metuo.
191 2673 209 2716 3)
220 2674 287 2705 Duobus
307 2674 363 2704 verbis
382 2673 443 2703 accessi
462 2678 477 2703 et
492 2673 539 2714 citiqt
554 2673 628 2705 Vorstius
645 2669 722 2715 exprimit
733 2686 781 2707 unam

48 2739 105 2763 vocem
116 2731 211 2765 hebraicam
222 2735 285 2774 trappe·
310 2729 363 2762 Verus
371 2738 428 2762 sensus
435 2730 549 2770 esscridetnr,
563 2730 615 2773 attigi.
626 2717 628 2721 ,
638 2729 656 2772 4)
668 2729 694 2764 ile
706 2731 780 2773 adspice,

48 2796 84 2829 rne,
96 2789 125 2832 qui
136 2789 185 2832 tetigi
197 2793 215 2821 et
226 2786 300 2831 gustavi,
314 2789 385 2819 attamen
397 2786 447 2827 vivo,
465 2791 481 2817 et
493 2787 542 2820 vitam
553 2785 671 2829 perlectionem
683 2792 781 2820 consecutus
