1807 3145
338 151 342 169 ὲ

123 184 163 222 ⁶218
426 176 490 211 Euouhi
502 175 547 211 iiber.

169 292 200 339 13)
215 292 264 331 Tum
279 305 315 344 ego
329 293 349 331 in
364 292 435 333 uultum
445 303 509 332 meum
523 291 627 343 procubui,
644 296 662 332 et
677 294 737 333 omnis
752 306 793 333 mea
809 306 851 334 caro

124 360 215 402 dissoluta
230 365 269 406 est,
293 365 312 400 et
327 361 404 411 spiritus
419 372 473 399 meus
488 364 575 399 mutatus.

167 427 198 473 14)
212 427 319 468 Exclamavi
334 424 402 480 magna
416 439 475 472 voce⁷
491 427 556 478 spiritu
571 425 643 471 valido,
665 426 794 480 benedicens,
810 427 852 465 tan-

123 497 204 536 dansat
220 496 326 536 celebrans

167 563 198 610 15)
213 565 236 603 Et
245 564 280 602 hae
290 563 363 608 laudes,
379 574 426 614 quae
437 574 459 601 ex
473 575 506 601 ore
517 575 561 602 meo
573 563 665 609 exierunt,
677 567 767 613 acceptae
778 564 853 602 suonnn

123 632 142 668 in
156 634 243 678 prtaesen
243 629 263 666 ia
237 629 334 667 tSenis
346 629 424 666 dierum

169 695 200 742 ro)
216 695 278 734 Senex
294 682 367 735 dierum
382 695 434 736 venit
448 706 491 734 cum
506 696 600 736 Michaeie
615 700 634 735 et
649 695 742 742 Gabriele,
758 697 853 747 Raphaele

123 763 261 808 ortamota,
289 776 331 802 curii
351 762 434 800 millibus
448 742 543 807 miiiium,
566 767 585 801 et
605 763 721 813 myriadibus
741 763 852 815 myriadum,

126 844 174 882 quae
188 833 284 871 numerari
297 838 336 871 non
351 843 375 882 po
376 835 443 870 terant.
697 883 699 886 Α

165 901 197 948 17)
213 902 261 939 Tum
274 900 307 939 ille
317 900 395 949 angelus
410 898 438 947 ad·
447 910 478 938 me
488 900 572 937 accessit
584 904 603 938 et
613 910 660 939 voce
674 910 708 939 sua
718 911 749 938 me
761 899 853 942 salutavit,

123 969 202 1008 diceus:
224 968 253 1006 Tn
268 979 289 1005 es
304 967 353 1005 filius
368 966 461 1010 hominis,
487 965 518 1015 qui
533 969 588 1004 natus
612 979 633 1005 es
652 966 737 1016 iustitiae
752 970 772 1005 et
783 966 854 1016 justitia

124 1038 141 1074 in
156 1042 175 1075 te
191 1035 288 1085 requievit.

170 1101 200 1148 tS)
215 1101 289 1139 Justitia
304 1101 356 1140 senis
371 1100 445 1140 dierum
458 1103 477 1139 te
492 1111 530 1138 non
546 1100 628 1139 deseret.

166 1169 197 1216 aa)
212 1168 272 1208 Dixit:
287 1169 307 1207 in
319 1171 338 1207 te
351 1169 438 1208 conferet
446 1179 515 1218 pacem
524 1168 543 1206 in
555 1178 590 1208 sno
600 1167 677 1207 nomine
688 1180 722 1218 pro
733 1168 809 1215 inundo,
823 1170 853 1218 oiri

123 1242 163 1275 est:
177 1248 221 1275 nam
236 1236 281 1275 inde
295 1247 331 1286 pax
346 1236 401 1281 exiit,
417 1247 439 1274 ex
454 1246 492 1286 uiro
506 1234 588 1273 mundus
603 1239 678 1275 creatus
693 1241 728 1276 est.

151 1303 196 1350 20)
210 1305 234 1342 Et
250 1304 278 1341 sic
292 1303 327 1342 tibi
340 1303 420 1342 restabit
432 1303 452 1340 in
467 1314 524 1341 omne
539 1314 611 1341 aevum.

117 1371 118 1376 ’
165 1369 197 1417 21)
214 1371 292 1415 Omnes,
308 1369 340 1420 qui
354 1372 415 1414 erunt,
430 1372 449 1407 et
464 1368 495 1419 qui
508 1368 527 1406 in
538 1369 567 1409 via
577 1372 621 1408 tuae
628 1368 713 1418 J'nstitiae
726 1368 853 1414 ambulabunt,

115 1441 143 1477 ‚te
158 1449 195 1476 non
212 1435 303 1475 deserent
316 1435 336 1474 in
351 1439 455 1475 aeternum.

165 1502 197 1547 22)
212 1501 286 1540 Tecum
308 1506 363 1540 erunt
382 1512 449 1540 eorum
468 1500 606 1545 habitationes,
633 1507 697 1541 tecum
718 1513 784 1541 eornm
806 1514 853 1546 sors,

126 1580 188 1620 neque
203 1580 213 1606 a
227 1573 246 1606 te
262 1568 398 1618 separabuntur
412 1569 432 1604 in
447 1580 504 1605 omne
519 1579 590 1619 aeruna

166 1631 199 1682 23]
213 1635 237 1674 Et
251 1635 279 1674 sic
294 1634 372 1675 dierum·
382 1634 493 1674 diuturnitas
508 1636 544 1674 erit
559 1645 602 1673 cum
616 1635 649 1674 iilo
663 1634 701 1674 filio
716 1635 819 1674 hominum.

167 1702 200 1751 24)
214 1703 251 1743 Pax
265 1704 301 1744 erit
313 1703 376 1753 justis,
392 1706 411 1743 et
424 1703 453 1743 via
467 1703 578 1754 integritatis
593 1703 670 1749 sanetis,
686 1703 763 1743 nomine
777 1704 853 1743 Domini

123 1763 235 1822 spirituum,
254 1772 274 1810 in
289 1784 346 1820 omne
361 1782 433 1812 aevum.

335 1862 396 1899 CAP.
416 1859 477 1899 Lxxr.
508 1861 562 1911 iseot.
577 1860 623 1899 xur.
632 1858 645 1908 1]

180 1934 197 1981 l]
211 1934 268 1973 Liber
287 1934 377 1972 circuitus
395 1932 515 1972 luminarium
531 1932 590 1978 coeii,
611 1931 718 1972 secundum
736 1932 854 1985 singulorum

125 2003 213 2047 ordines,
229 2001 347 2052 singulorum
361 2001 420 2046 vires,
440 2000 559 2051 singulorum
573 2004 668 2051 tempora,
689 1999 807 2051 singulorum
821 2015 854 2040 no-

123 2071 174 2108 mina
183 2073 202 2107 et
209 2070 258 2114 loca,
269 2082 279 2108 e
288 2069 356 2119 quihus
365 2079 442 2106 cursum
449 2079 504 2106 suum
511 2068 609 2118 incipiunt,
621 2072 640 2107 et
647 2068 764 2120 singulorum
770 2081 854 2114 menses,

126 2139 175 2187 quae
188 2135 240 2175 Uriel
259 2141 335 2175 sanctus
355 2135 443 2186 angelus,
469 2135 501 2185 qui
519 2145 595 2173 mecum
614 2139 662 2179 erat,
687 2136 733 2172 mihi
748 2136 854 2185 explicavit,

125 2204 187 2250 idem,
210 2204 242 2254 qui
257 2214 278 2242 ea
294 2202 351 2241 ducit.
380 2202 428 2241 Tota
447 2212 512 2241 eorum
532 2201 648 2252 descriptio,
670 2201 776 2241 seeundum
791 2214 855 2254 quem-

123 2273 170 2312 tibet
187 2270 253 2310 mundi
272 2282 342 2310 annum
356 2270 375 2309 in
395 2274 502 2314 aeternum,
527 2268 589 2308 donec
608 2266 678 2334 noxum
694 2280 741 2321 opus
756 2270 854 2315 efficietur,

123 2340 175 2392 quod
192 2344 289 2379 aeternnm
304 2339 344 2379 erit.

181 2407 268 2453 ‘iiiiaeo
288 2412 318 2446 est
335 2407 395 2456 prima
411 2385 443 2444 iex
462 2405 587 2444 luminarium.
617 2405 661 2450 Sol,
684 2407 715 2445 lux
734 2407 807 2458 egredi
808 2420 855 2447 ure

124 2473 174 2512 coeli
188 2473 261 2521 portis
287 2474 368 2523 quaein
389 2473 462 2512 oriente
477 2477 531 2517 sunt,
557 2476 698 2511 etoccasuse
688 2472 729 2522 ejus
697 2482 778 2523 Jper
791 2478 855 2524 portas

124 2540 183 2588 coeii,
208 2539 289 2591 quaein
305 2539 411 2580 occidente.

179 2608 197 2655 3)
213 2608 308 2659 Conspexi
323 2618 356 2647 sex
369 2611 444 2658 portas,
465 2606 515 2648 unde
531 2608 560 2647 sol
576 2608 624 2655 exit
646 2612 664 2648 et
679 2620 712 2648 sex
727 2611 801 2658 portas,
824 2608 854 2647 nbi

124 2676 153 2714 sol
171 2675 247 2715 occidit.

170 2784 187 2819 ii
200 2783 249 2818 Paris.
262 2784 290 2817 nisi
