1758 3137
88 175 113 211 tio
302 173 346 207 Visio
359 173 436 206 mirabilis
448 171 500 206 Isaiae
512 173 609 215 prophetae.

42 277 44 286 ⁴
88 289 107 326 iu
123 299 179 327 earne
194 287 257 328 virere
271 289 325 327 venis
340 288 392 327 hnc?
419 289 443 327 Et
457 288 510 327 timui
530 287 584 329 valde
599 293 622 327 et
632 292 754 330 tremefactus
769 302 818 335 sum,

34 353 36 356 ’
77 341 193 405 ‘iterumcpne
208 357 270 397 andivi
284 368 353 396 voeem
368 356 472 394 dicentem:
492 356 531 393 noli
545 356 647 405 prohibere
658 368 708 404 enm,
724 363 745 397 ut
754 360 817 403 intret,

88 426 156 474 diguus
171 428 202 462 est
216 425 267 463 euim
281 425 341 474 gloria
355 425 403 468 Dei,
423 423 455 461 hie
470 424 521 462 euim
536 428 567 462 est
581 423 636 462 stola
664 408 688 463 Et
704 426 820 476 interrogari

89 489 187 540 angelum,
204 490 236 541 qni
250 494 290 529 erat
304 502 397 537 mecum:-
409 489 450 540 quis
466 492 497 529 est
509 489 613 540 prohibens
628 488 690 528 mihi?
705 495 724 530 et
735 492 777 542 quis
789 496 819 530 est

87 558 206 607 praecipiens
226 558 272 596 mihi
292 557 411 597 oscendere?
435 556 519 599 Etdixit
533 557 588 596 mihi:
609 557 716 607 prohibens
731 561 771 603 est,
787 558 819 610 qui

88 633 189 681 estsuper
204 631 302 666 cantantes
318 627 396 677 angelos
411 626 459 664 sexti
475 626 537 671 coeli,
558 616 646 676 angelus,
667 630 686 664 et
699 627 819 677 praecipiens

89 699 119 733 est
132 693 183 732 filins
198 692 245 739 Dei,
262 699 281 733 et
295 706 366 732 nomeu
381 692 422 742 ejus
437 705 476 731 uon
490 698 545 743 petes
561 693 631 737 andire,
647 692 710 733 rlonec
725 694 748 733 de
762 706 819 733 earne

25 755 26 760 ¹
89 761 154 799 exibis.
193 759 288 807 Quoniam
303 773 344 815 ‘nos
364 759 486 799 ascendimus
511 760 530 797 iu
550 760 652 809 septimum
673 761 758 811 coelum,
781 761 820 801 vidi

88 828 115 868 ibi
128 828 194 867 lumen
208 827 293 867 mirabile
308 832 328 867 et
341 826 473 872 inenarrabile,
492 829 512 865 et
530 825 609 877 angelos
623 827 783 879 irrrrunrerabileS‚
800 832 820 868 et

86 897 150 948 pastos
171 895 210 938 ridi
231 896 324 949 quosdam
346 899 413 935 exutos
435 895 491 934 stolis
513 893 620 933 carnalibus
640 898 659 933 et
678 882 782 936 existentes
800 896 820 935 iu

91 966 146 1004 stolis
162 965 254 1008 excelsis,
270 968 289 1002 et
303 964 390 1002 arentin
404 963 465 1013 gloria
479 974 547 1012 magna
561 966 645 1006 stantes,
663 963 698 1001 sed
712 965 732 1001 iu
746 965 820 1003 thronis

89 1032 129 1070 suis
144 1042 183 1069 non
198 1030 301 1075 sedebant,
323 1042 406 1069 coronae
421 1033 484 1069 autem
499 1029 571 1079 gloriae
585 1041 625 1068 non
639 1034 693 1069 erant
708 1041 765 1080 super
779 1042 819 1069 eos.

86 1088 111 1139 lit
120 1098 235 1146 interrogavi
245 1097 339 1146 angelum
354 1102 373 1136 et
388 1097 434 1135 dixi:
456 1108 513 1146 quare
528 1097 587 1135 stolas
597 1096 724 1145 receperunt?
739 1102 759 1135 et
769 1097 820 1135 thro·

77 1174 124 1203 'nos
140 1169 159 1203 et
173 1175 254 1202 coronas
270 1163 341 1214 gloriae
356 1175 395 1201 ueu
410 1162 539 1213 receperunt?
566 1162 655 1214 Dixitque
670 1164 716 1201 mihi
731 1164 820 1215 angelus:
874 1196 876 1200 .

89 1244 128 1271 non
142 1236 256 1280 receperunt
273 1231 342 1276 modo,
364 1230 425 1270 donec
444 1230 494 1270 filius
508 1231 540 1269 hic
554 1231 636 1279 primum
649 1231 698 1269 istos
712 1230 821 1269 introducet

91 1300 170 1338 thronos
186 1302 205 1336 et
220 1310 310 1343 coronas,
333 1299 422 1348 quoniam
437 1299 473 1337 erit
485 1298 505 1336 in
520 1297 585 1346 specie
600 1300 680 1342 restra,⁴
695 1300 715 1336 et
728 1297 819 1347 princeps

89 1366 155 1405 mundi
174 1365 224 1405 illius
246 1365 336 1405 extendet
353 1376 430 1404 manum
449 1376 503 1404 snam
521 1365 541 1403 iu
561 1364 621 1403 filium
639 1364 684 1409 Dei,
706 1368 725 1404 et
740 1364 821 1403 occidet

89 1434 154 1479 illum,
174 1437 193 1471 et
208 1432 313 1484 suspendet
326 1433 380 1471 illum
394 1433 414 1471 in
428 1421 480 1483 ligno
496 1437 515 1471 et
529 1432 606 1471 occidet
619 1431 720 1477 nesciens,
742 1432 774 1483 qui
789 1432 819 1477 sit,

90 1506 109 1541 et
118 1491 229 1540 'descendet
242 1501 262 1538 iu
275 1500 380 1545 infernum,
396 1505 415 1539 et
429 1511 473 1538 euru
488 1499 585 1539 desertum
599 1503 664 1550 ponet,
680 1504 699 1537 et
712 1511 779 1537 omnes
794 1499 820 1539 vi-

90 1569 155 1607 siones
169 1567 246 1612 inferni,
262 1571 282 1606 et
295 1566 424 1617 apprehendet
437 1567 544 1617 principem
558 1565 635 1610 ruerus,
652 1568 671 1603 et
683 1565 820 1615 depraedatum

90 1645 134 1674 enm
148 1638 217 1687 ponet,
233 1639 253 1674 et
262 1628 356 1674 ⁴conteret
370 1645 438 1673 ornrres
453 1634 531 1674 virtutes
546 1632 600 1683 ejus,
616 1636 715 1685 etsurget
725 1634 780 1673 tertia
789 1632 820 1673 die

88 1691 160 1740 habeus
176 1701 270 1750 quosdam
281 1701 345 1749 justos
363 1713 440 1745 seeum,
462 1705 482 1739 et
500 1702 563 1738 mittet
581 1711 627 1737 snos
642 1700 784 1748 praedicatores
799 1702 819 1739 in

89 1770 198 1809 universum
213 1768 280 1806 orbem
295 1772 388 1807 terrarum
403 1772 422 1806 et
437 1767 529 1806 ascendet
542 1768 562 1805 lu
576 1767 652 1805 coelos:
667 1770 712 1805 tuuc
727 1753 821 1817 recipient

88 1837 120 1876 isti
138 1837 218 1875 thronos
238 1845 284 1873 suos
304 1840 323 1873 et
338 1840 426 1873 coronas.
455 1835 478 1873 Et
492 1833 598 1884 posthaec
612 1832 670 1873 verba
685 1833 723 1873 dixi
737 1834 774 1873 illi:
796 1833 820 1873 de

89 1917 126 1954 qno
144 1908 163 1942 te
182 1903 297 1953 interrogavi
318 1904 338 1940 in
356 1903 418 1952 primo
441 1902 507 1946 coelo,
530 1901 611 1940 ostende
630 1902 686 1945 mihi,
707 1903 745 1940 hoe
766 1902 817 1940 enim

88 1972 134 2010 mihi
147 1970 259 2020 promisist'.
292 1970 359 2009 Adhuc
380 1983 411 2008 me
430 1970 521 2019 loquente
536 1981 612 2013 seeum,
634 1981 681 2007 ecce
696 1968 772 2019 quidam
787 1979 819 2006 an-

89 2037 143 2088 gelus
154 2036 178 2074 de
197 2036 316 2074 adstantibus
331 2035 434 2087 gloriosior
453 2034 534 2073 ducente
549 2046 580 2072 me
595 2034 722 2086 ornnibnsqne
737 2033 817 2086 augelis,

89 2109 108 2143 et
126 2101 211 2142 ostendit
224 2103 270 2141 urihi
286 2102 364 2148 librum,
386 2106 406 2141 et
424 2102 512 2151 aperiens
533 2100 585 2140 dedit
603 2112 647 2139 enm
665 2103 722 2147 mihi,
745 2106 764 2140 et
782 2100 820 2140 vidi

89 2172 202 2222 scripturam
222 2169 333 2210 iron‘sicnt
346 2160 402 2209 istids
418 2169 487 2214 seculi,
510 2172 530 2207 et
543 2167 582 2218 legi
596 2179 648 2214 eam,
670 2172 690 2207 et
704 2181 750 2208 eece
766 2173 819 2208 actus

89 2239 218 2279 Hierusalem.
229 2242 283 2277 erant
300 2239 327 2278 ibi
346 2238 421 2288 scripti,
442 2242 462 2276 et
481 2235 566 2275 omnium
579 2235 679 2273 hominnm
694 2248 752 2287 opera
767 2241 821 2276 eraut

88 2307 119 2353 1111,
135 2308 159 2347 de
174 2307 242 2358 quibus
257 2313 277 2348 et
291 2320 327 2359 ego
343 2319 400 2347 eram.
428 2304 474 2346 Vidi
488 2305 508 2343 iu
523 2303 609 2348 veritate,
625 2303 668 2354 qnia
682 2305 729 2343 nihil
740 2306 820 2345 abseou-

89 2374 138 2411 ditur
151 2376 170 2412 in
185 2377 267 2426 septimo
284 2376 351 2419 coelo,
368 2373 419 2424 quod
434 2372 498 2410 estin
513 2369 584 2407 mundo
599 2370 674 2407 iactum.
703 2372 727 2409 m
739 2373 820 2410 interro-

89 2443 129 2492 gavi
144 2442 241 2493 angelum:
262 2443 303 2493 quis
319 2445 350 2480 est
364 2438 401 2478 iste
416 2438 551 2489 praeeminens
562 2447 629 2474 omues
640 2432 719 2487 angelos
730 2439 751 2476 in
761 2428 821 2488 gloria

89 2510 137 2549 sua‘?
159 2511 183 2550 m
190 2510 310 2562 respondens
327 2509 373 2548 dixit
386 2508 444 2546 mihi:
463 2507 499 2544 iste
510 2508 542 2543 est
551 2516 631 2555 magnus
642 2506 722 2555 augelus
731 2504 820 2550 Michael

90 2576 195 2627 deprecans
210 2589 287 2629 semper
301 2590 335 2628 pre
350 2576 468 2615 humanitate
482 2578 501 2613 et
511 2573 622 2611 humilitate.
651 2572 694 2612 Vidi
704 2574 764 2612 stolas
775 2572 822 2611 mul·
853 2588 856 2595 ·

89 2648 153 2687 rasel
166 2630 247 2683 thiauos
263 2649 283 2684 et
297 2655 379 2683 coronas
393 2642 492 2692 jacentes,
511 2644 530 2679 et
545 2639 583 2677 dixi
598 2640 678 2690 angelo:
697 2641 746 2678 istae
761 2640 822 2678 stolae

89 2716 109 2751 et
123 2722 207 2749 coronae
222 2711 290 2761 quibus
306 2694 406 2751 servantur
421 2715 441 2749 et
453 2705 533 2749 throni?
550 2707 578 2745 ‘Et
596 2706 642 2745 dixit
656 2705 713 2744 mihi:
727 2706 774 2744 istas
791 2718 823 2743 co-

59 2793 63 2801 ·
90 2791 145 2819 cerras
161 2777 213 2817 ruulti
229 2779 323 2829 accipient
338 2779 361 2818 de
377 2779 411 2817 illo
427 2776 506 2820 mundo,
523 2773 624 2814 credentes
643 2772 700 2812 verba
714 2772 776 2817 illius,
799 2771 822 2810 de
