1807 3145
114 190 155 228 360
397 186 422 219 Do
438 190 489 220 merle
505 185 560 220 ltosis.

113 309 176 347 terrae
191 306 302 356 applausum
317 305 437 345 acutissimus
453 305 516 345 subito
532 304 592 352 dolor,
613 308 632 345 et
647 306 707 357 qualis
722 294 843 357 parturientis

115 387 159 414 esse
174 373 234 420 solet,
251 373 350 425 cruciarit3
370 373 447 414 tandem
462 374 628 414 obmutescentem
641 375 667 414 ita
682 375 795 425 compellat:
810 376 844 422 Sa-

114 441 170 487 mael,
186 439 268 487 Samaei,
283 440 335 482 nulla
346 452 387 493 pau,
403 442 428 481 ait
437 441 538 488 Dominus,
553 441 652 494 improbis,
668 440 713 494 quid
722 440 843 483 hic-adstast

115 509 166 549 Sam.
184 509 242 552 Venit
262 510 296 550 tibi
317 522 391 551 summa
406 510 458 556 dies,
473 509 533 550 redde
548 511 630 551 animam
644 516 701 551 tuam.
730 510 780 551 illos.
796 509 844 560 Quis

113 582 132 618 te
147 579 190 626 ,hue
211 578 278 618 misit?
307 578 359 632 Sam.
383 579 440 619 Orbis
460 583 479 619 et
497 579 601 620 animarum
621 579 704 619 Creator.
733 578 783 620 Mos.
803 577 844 630 Ego

115 647 207 686 creaturis
223 646 310 685 omnihus
325 648 393 685 tortior
407 658 455 687 sum.
485 648 536 687 Sam.
558 647 610 695 eras
625 648 675 687 vires
688 646 766 696 jactas?
794 646 844 687 Mos.

114 713 154 766 Ego
169 714 247 753 Amram
257 717 335 764 'patrem
349 713 421 761 habeo,
436 716 541 767 matrisque
556 715 578 755 ah
593 719 648 755 utero
663 715 788 754 circumcisus
802 725 846 764 pro,-

52 833 56 842 μ
115 781 147 828 dii,
162 781 226 833 (quod
240 786 259 821 et
272 781 352 821 hahetur
361 783 496 822 ianhalmud
510 783 558 823 llas.
573 783 626 822 Sota.
647 783 725 822 Addunt
739 783 845 833 sapientes:

66 858 70 867 ¹
115 849 173 891 aedes
193 851 213 890 in
234 849 302 903 quibus
318 855 377 898 ,natus
398 857 433 899 est,
454 852 497 903 ipso
511 852 614 892 natiuitatis
628 855 726 891 momento
741 846 847 901 elarissima

114 918 158 957 luce
178 919 283 964 fulserunt,
306 920 330 958 de
343 920 377 958 illo
392 920 470 957 dicitur:
493 921 616 966 Quoniam
635 919 728 964 bonus,
750 919 806 970 quod
822 919 846 957 de

114 985 159 1025 luce
180 987 269 1026 similiter
287 986 357 1028 dietum
375 987 473 1029 invenies:
493 988 522 1028 llt
542 987 645 1028 creavit
665 988 734 1027 Deus
754 987 845 1034 lucem,

74 1044 76 1046 ¹
116 1055 329 1107 quonianbonm
358 1055 400 1095 Hoc
414 1057 457 1108 ipso
472 1056 503 1096 die
519 1068 562 1095 cum
577 1060 637 1096 matre
652 1069 674 1096 ac
688 1060 742 1109 patre
756 1057 846 1107 loquutus

115 1132 168 1167 sum,
184 1135 261 1162 menses
276 1128 319 1180 ues-
331 1136 390 1175 agens
407 1125 470 1163 futura
487 1124 581 1175 praedixi,
601 1137 671 1175 meque
689 1125 753 1175 legem
771 1124 847 1162 medios

115 1189 165 1229 inter
179 1190 234 1241 ignes
249 1196 372 1242 accepturum
386 1184 502 1243 significavi.¹
512 1193 564 1240 (Hoc
579 1191 663 1232 indicant
677 1194 772 1232 Doctores
787 1192 848 1231 nostri

114 1256 145 1296 his
159 1257 235 1299 verbis:
250 1259 328 1310 Aperi
342 1264 368 1300 et
382 1260 438 1308 vide
453 1254 560 1312 puerum
574 1273 601 1301 ac
616 1265 773 1312 quaerentes
788 1272 846 1301 eum.

115 1326 136 1365 R.
152 1326 209 1373 Jose,
225 1327 275 1367 filius
290 1327 387 1375 Haninae,
402 1329 473 1380 populo
483 1329 574 1369 adfuisse
588 1330 651 1368 Deum
665 1334 787 1381 praesentem
802 1331 848 1369 seri-

114 1392 148 1439 bit,
163 1393 198 1432 sed
211 1399 257 1446 post
270 1399 309 1435 tres
324 1396 401 1437 demum
415 1410 499 1442 menses,
512 1397 564 1449 quod
578 1396 647 1438 exilio
663 1397 773 1439 confirmat:
787 1398 821 1439 Ab
830 1411 848 1439 s·

116 1451 238 1519 c'ondisyti
253 1475 307 1503 eum
321 1469 377 1503 tres
392 1467 510 1515 menses.)

118 1577 120 1580 ι
172 1530 295 1586 octagesimo
311 1532 377 1572 aetatis
400 1544 450 1571 anno
470 1533 559 1584 signaret
577 1532 664 1585 prodigia
683 1533 731 1579 feci,
751 1533 848 1585 sexaginta

115 1594 214 1637 hominum
227 1600 322 1649 myriadas
337 1602 424 1652 Aegypto
439 1600 500 1648 eduxi,
516 1612 568 1642 mare
582 1602 602 1641 in
617 1601 719 1641 duodecim
733 1602 773 1642 vias
787 1603 848 1651 secui,

116 1674 174 1716 aquas
189 1660 297 1707 amarasin
312 1667 379 1707 dulces
394 1670 490 1715 converti,
506 1669 580 1710 tabulas
596 1669 668 1716 excidi,
684 1670 751 1710 coelos
763 1670 848 1716 ascendi,

115 1730 177 1771 Deum
192 1735 240 1783 vidi,
256 1747 299 1775 oum
313 1749 337 1777 eo
352 1748 363 1776 a
376 1737 425 1778 facie
440 1736 463 1777 ad
477 1737 546 1778 faeiem
560 1738 650 1789 loquutus
666 1749 714 1783 sum,
730 1737 779 1788 legis
796 1736 848 1777 deni-

116 1815 153 1856 que
168 1805 208 1844 613
222 1807 324 1856 praecepta
338 1803 389 1844 illius
404 1804 427 1844 ab
443 1817 476 1844 ore
492 1805 567 1856 accepi,
591 1818 612 1846 ae
627 1805 686 1845 lsrotil
698 1804 760 1844 docui.
786 1804 849 1853 Quem

116 1885 162 1925 ergo
182 1874 237 1929 iuter
250 1874 339 1913 homines
357 1874 404 1912 mihi
423 1874 506 1913 similem
525 1873 626 1915 invenies?
648 1873 744 1914 lseelus!
764 1873 849 1925 egotibi

116 1942 198 1981 animam
215 1953 282 1996 meam
298 1955 337 1981 non
357 1942 436 1983 tradam.
463 1943 540 1981 Labitur
558 1946 686 1988 momentum,
712 1941 853 1992 dimidiumque

115 2011 189 2049 tantum
209 2009 299 2050 eoelestis
316 2009 371 2050 vocis
390 2009 468 2049 oraculo
489 2013 593 2062 supererat.
627 2009 693 2049 Irritus
712 2009 754 2060 spei
774 2007 849 2047 Samaei

116 2077 140 2118 ad
157 2079 220 2118 Deum
238 2079 344 2125 revertitur,
367 2079 398 2130 qui
417 2079 538 2125 succensuit,
562 2079 669 2130 iterumque
683 2077 746 2120 illesis
768 2078 849 2122 animam

116 2146 230 2193 abduceret,
250 2148 355 2198 imperavit.
383 2146 476 2193 Domine,
496 2148 521 2186 ait
541 2146 627 2192 Samaei,
648 2147 665 2185 si
685 2145 797 2186 Gehennam
814 2146 848 2192 ire,

117 2213 134 2250 si
152 2214 272 2263 superiorem
292 2214 312 2251 in
330 2213 440 2253 interiorem
455 2218 567 2254 convertere
579 2213 671 2264 jusseris,
690 2213 730 2259 ire,
753 2225 774 2252 ae
794 2211 849 2262 jussa

117 2281 184 2332 exequi
200 2286 273 2322 certum
288 2285 325 2328 est,
341 2292 406 2322 verum
421 2285 463 2321 ante
477 2281 535 2332 lilium
550 2283 627 2321 Amram
642 2285 693 2320 stare
707 2293 789 2333 nequeo.
813 2283 848 2322 De.

40 2363 55 2399 ’ἱ
117 2348 168 2388 Cur‘l
184 2349 235 2389 Sam.
251 2350 357 2402 Seraphino
373 2349 474 2403 quadrigae
491 2353 535 2390 tuae
555 2349 623 2389 similis
644 2353 682 2396 est,
702 2348 746 2389 dum
765 2350 850 2401 loquitur

48 2412 52 2423 ⁵
116 2415 203 2457 flammae
219 2419 260 2468 ejus
275 2419 297 2457 ah
313 2432 347 2458 ore
361 2419 443 2464 radiant,
459 2419 522 2457 vultus
538 2418 620 2458 diuinam
633 2418 754 2468 majestatem
773 2418 848 2468 objicit:

118 2495 200 2535 quaeso,
214 2486 306 2532 Domine,
327 2485 350 2526 ad
363 2486 417 2525 illum
431 2489 452 2525 ut
465 2485 543 2525 redeam
557 2485 651 2535 imperare
670 2483 719 2530 noli,
740 2496 777 2524 nee
798 2484 849 2534 euim

116 2554 144 2593 illi
158 2554 254 2594 obsistere
268 2558 346 2605 potero,
371 2556 406 2595 De.
417 2547 531 2595 Scelerate!
546 2558 566 2593 tu
582 2566 604 2593 ex
619 2552 722 2593 Gehennae
737 2553 781 2604 igne
796 2565 849 2596 orea-

116 2626 147 2662 ms
166 2635 198 2670 es,
220 2628 240 2664 et
259 2622 279 2662 in
295 2621 398 2663 Gehennae
415 2625 480 2675 ignem
498 2622 612 2666 reuerteris,
632 2633 693 2673 nuper
708 2633 718 2660 a
732 2632 764 2660 me
778 2631 848 2672 magno

117 2702 163 2729 cum
177 2692 245 2741 gaudio
260 2691 378 2735 discessisti,
397 2695 419 2730 ut
431 2704 477 2730 vero
492 2691 553 2732 illesis
569 2690 648 2741 gloriam
661 2690 743 2734 vidisti„
757 2699 801 2727 cum
815 2701 849 2739 pu-

117 2757 165 2798 dore
180 2769 268 2799 reversus
284 2770 315 2805 ee,
333 2763 351 2800 et
366 2770 402 2810 ego
417 2757 441 2799 ad
454 2757 508 2797 illum
522 2768 591 2809 magno
606 2761 639 2797 tuo
653 2756 724 2809 probro
739 2759 760 2796 ut
773 2755 847 2808 redeas,

113 2824 179 2877 jubeo.
208 2826 236 2867 lta
250 2824 327 2867 Samae
341 2827 410 2867 iterum
430 2826 454 2868 ad
467 2827 537 2868 Mosen
554 2828 646 2878 perrexit,
669 2827 765 2877 dixitque:
784 2817 850 2872 Mose,
