1758 3137
280 170 307 203 lat.
320 179 367 203 uersa
380 181 389 204 a
400 170 446 204 Rich.
460 169 548 203 terraenae.

51 287 170 332 elimatae,
190 297 247 324 ricino
268 284 340 325 videbit
352 286 420 325 faeiem
434 296 496 337 meam
510 289 529 324 ei
542 286 596 326 vitot.
632 285 669 325 lste
684 283 732 325 vero
745 285 779 324 ait:

51 358 87 399 vidi
101 355 205 394 Domimtm
220 353 310 392 Sabaoth.
339 353 417 404 hlopses
433 353 497 403 (ajunt)
512 352 620 397 colludit,
640 359 659 392 et
676 359 696 392 tu
710 352 778 393 vidisti.

50 426 73 465 Et
86 425 164 474 propter
178 420 215 460 hoc
230 432 274 460 enm
289 425 403 466 secuerunt,
426 426 445 460 et
465 419 640 460 condemnaverunt
654 431 698 460 eum
711 424 733 459 ut
745 420 779 458 im-

50 483 136 545 pium.“¹
167 488 230 536 Quem
243 489 309 527 locum
328 488 345 528 si
364 500 407 527 curti
421 489 476 528 hisce
490 488 553 529 vorbis
567 489 586 527 in
601 488 723 529 accusatione
737 487 779 526 Bel-

50 561 100 600 lrirae
116 556 261 597 occurrentibus
276 554 428 606 comparaveris:
458 555 529 603 „isaias
544 554 599 595 dicit:
614 554 779 607 equidem'majus

51 626 152 679 quidquam
166 625 233 670 rideo,
249 615 310 676 'quam
323 623 390 665 Moses
403 624 496 676 propheta
510 623 561 665 vidit.
589 623 657 664 llloses
672 623 780 665 allirmauit:

51 705 107 735 nemo
121 697 185 744 potest
198 693 261 732 Deum
274 690 339 731 videre
354 695 373 731 et
387 693 461 738 vivere;
481 692 517 731 sed
530 691 589 731 Isaias
605 691 656 737 dicit,
671 704 707 742 ego
717 693 780 732 Deum

51 761 99 807 vidi,
119 764 201 801 attamen
220 773 267 801 ecce
284 753 367 802 vivo“:²
388 760 491 800 similitudo
506 759 567 811 major
582 764 621 805 est,
642 770 699 811 quam
712 764 733 799 ut
747 760 780 799 ob-

52 829 180 868 serrationem
197 829 263 879 lugere
277 830 348 878 possit,
369 829 481 878 praesertim
496 829 512 867 si
525 828 629 867 indulseris
644 828 717 878 exiguis
731 829 780 878 istis,

51 896 70 935 in
92 905 140 947 quos
160 899 199 934 tam
219 894 273 934 facile
286 894 372 934 incidere
386 898 450 945 potest
464 895 531 947 aliquis
552 894 662 934 memoriter
684 894 730 945 quid
751 908 780 933 re-

51 964 125 1010 ferens,
141 963 244 1003 erroribus.

108 1029 200 1077 Quartum
213 1030 300 1070 seculum
310 1031 367 1069 etiarn
380 1030 484 1084 insigniora
499 1029 574 1070 exhibet
587 1031 695 1071 testimonia
705 1031 729 1072 de
738 1031 781 1071 libri

51 1099 111 1137 nostri
135 1099 234 1138 existentia
259 1103 316 1149 atque
338 1098 452 1136 celebritate
492 1099 543 1136 luter
561 1098 621 1137 varias
643 1099 699 1148 huJ'us
720 1101 782 1138 seculi

50 1166 142 1204 haereses
158 1165 180 1203 ab
194 1164 298 1217 Epiphanio
319 1168 434 1203 memoratas
453 1163 547 1214 quaedam
560 1168 649 1203 narratur
661 1164 781 1219 oipqovncotv
814 1175 815 1178 ’

51 1236 157 1279 nominata,
180 1246 228 1284 quae
249 1233 330 1283 primum
348 1233 368 1271 in
382 1231 454 1272 iudaea
467 1232 604 1283 percrebuerit.
624 1232 697 1281 ,Quod
712 1246 782 1286 cogno-

51 1316 105 1349 men,
120 1302 150 1341 his
163 1302 263 1342 haereticis
278 1302 385 1352 proprium,
410 1313 433 1341 cx
457 1313 480 1341 eo
505 1300 608 1342 derivatum
632 1301 714 1355 videtur,
731 1302 783 1353 quod

51 1372 79 1410 illi
94 1370 203 1421 opinionem
218 1375 284 1408 nostro
294 1369 343 1408 libro
353 1369 470 1420 peculiarem
479 1368 572 1409 fovebant.
600 1369 659 1410 isaias
670 1370 694 1410 ad
706 1371 783 1410 coelum

51 1438 159 1478 ascendens
177 1450 213 1488 per
233 1441 307 1488 septem
327 1438 414 1478 adversos
435 1437 501 1476 coelos
522 1438 600 1488 migrat,
621 1443 640 1478 et
658 1440 679 1477 in
699 1439 782 1489 quinque

52 1504 147 1556 prioribus
167 1504 253 1555 singulos
277 1504 375 1556 angelicos
398 1504 535 1556 gubernatores
549 1503 626 1544 invenit.
654 1505 708 1545 Hanc
720 1505 783 1546 ideam

50 1571 142 1610 haeretici
162 1571 190 1609 illi
208 1571 238 1611 vix
256 1575 347 1610 mutatam
361 1571 484 1621 adoptarunt,
507 1571 620 1620 opinantes,
643 1576 717 1623 septem
739 1587 783 1614 csse

51 1639 118 1680 coelos
138 1636 235 1685 divorsos,
260 1649 340 1689 quorum
359 1638 462 1688 unucuique
486 1641 599 1688 praeessent
622 1638 725 1679 archontes
743 1641 783 1682 sive

51 1709 188 1758 gubernatores
203 1706 297 1746 distincti:
312 1705 384 1747 εἰδέναι
399 1706 420 1747 δὲ
434 1705 480 1747 καθ’
497 1705 563 1747 tlosov
578 1704 663 1761 οὐρανὸν
677 1709 783 1763 ἄρχοντας,
818 1756 822 1758 ,

51 1777 83 1814 καὶ
97 1771 132 1822 mic
145 1773 178 1823 μὲν
193 1772 243 1812 εἶναι
256 1770 291 1820 etc
305 1770 353 1813 iord
373 1770 470 1825 οὐρανὲς,
487 1770 532 1812 καθ’
554 1776 587 1813 ἕνα
602 1770 686 1826 οὐρανὸν
700 1778 733 1815 dvo
748 1777 784 1830 dp-

50 1855 119 1896 χοντα.
147 1841 188 1881 Nec
201 1840 220 1879 in
236 1839 293 1878 dtrbio
309 1843 339 1878 est
353 1840 408 1884 fons,
424 1851 447 1878 ex
462 1850 500 1890 quo
516 1850 547 1885 ea,
564 1850 612 1889 quae
627 1844 648 1879 ut
661 1845 734 1880 sectam
750 1842 784 1880 eos

52 1908 184 1959 distinguebat,
205 1907 291 1946 doctrina
313 1908 380 1946 hausta
400 1908 467 1951 fuerit,
489 1918 533 1945 cum
546 1908 661 1958 Epiphanius
681 1909 700 1947 in
715 1910 784 1948 eodem

51 1979 140 2018 contentu
154 1975 209 2014 nobis
225 1974 284 2021 dicat,
300 1975 421 2014 archonticos
430 1986 453 2013 ex
467 1974 528 2014 Isaiae
542 1976 659 2015 ascensione
669 1976 735 2015 etaliis
744 1978 784 2027 qui-

50 2042 131 2082 busdam
145 2043 198 2091 libris
213 2043 326 2094 apocryphis
342 2046 452 2094 argumenta
465 2042 560 2082 deducere
573 2042 598 2083 ad
605 2043 735 2083 defendendas
744 2046 784 2096 opi-

52 2111 120 2149 niones
135 2121 191 2149 suas:
221 2108 335 2161 leptioivaoo
354 2111 375 2151 dd
394 2107 460 2159 λαβὰς
479 2108 518 2150 dub
536 2113 560 2151 tri
579 2109 687 2159 declinaturi
704 2110 784 2164 tracto,

54 2179 82 2217 dre
97 2177 118 2217 δὲ
132 2181 165 2217 uoti
179 2177 245 2217 ἄλλων
259 2181 315 2217 τινών
331 2171 472 2231 οἰτιοκρύῳων.ὅ
500 2177 529 2217 Ab
543 2177 576 2216 illo
590 2178 647 2229 igitur
660 2177 683 2218 de
694 2180 785 2231 angelicis

52 2243 175 2283 archontibus
195 2243 283 2295 dogmate
305 2241 422 2299 άρχοντικὲς
442 2248 561 2295 nuncupatos
580 2256 624 2284 esse
639 2246 716 2297 opinor3
734 2247 786 2297 quod

53 2311 122 2362 dogma
145 2322 167 2351 ex
190 2311 246 2356 libro,
271 2310 291 2349 in
311 2321 349 2361 quo
369 2311 476 2361 disquisitio
494 2315 560 2350 nostra
579 2316 672 2358 versatur,
696 2313 784 2352 hausisse

52 2379 144 2419 ridentur.

107 2447 209 2487 Praeterea
218 2445 333 2497 Epiphanius
344 2457 383 2484 non
398 2446 460 2484 solum
474 2446 586 2485 nominatim
601 2444 668 2485 alludit
680 2448 735 2494 libro,
750 2448 785 2488 sed

53 2514 97 2552 alibi
110 2514 205 2564 integram
225 2524 247 2551 ex
265 2512 299 2551 illo
313 2513 378 2551 locum
392 2513 457 2551 adfert.
492 2514 614 2555 Haereticam
633 2515 684 2553 enim
702 2516 786 2566 [hscipli-

52 2594 96 2622 nam
104 2583 126 2623 ah
139 2583 216 2622 homine
225 2580 324 2633 Aegyptia
339 2581 417 2619 nomine
429 2580 516 2627 Hieraca,
530 2581 654 2632 excogitatam
670 2593 783 2626 memorans,

98 2731 166 2773 ituit.
179 2733 253 2774 vol.lll‚
270 2744 285 2776 p.
299 2732 336 2765 108.
365 2732 384 2775 2)
397 2733 436 2776 Cap,
449 2731 539 2773 111,8.9,
562 2731 580 2771 3)
594 2731 661 2780 Haeres.
674 2733 708 2774 XL,
722 2732 798 2776 pata«

54 2788 79 2822 ed,
92 2788 149 2823 Colca.
632 2786 636 2792 “
666 2801 667 2804 ’
