1807 3145
108 168 149 213 342
392 166 417 199 De
428 170 481 199 morto
492 161 548 201 llosia.

108 291 200 328 notam
215 291 263 326 non
277 284 337 325 ioci.
365 277 419 323 Dens
434 280 512 334 quidem-
523 284 543 321 nt
552 281 677 332 loquerentur
683 280 773 331 jusserat,
789 283 841 334 qnod

110 355 198 405 exequuti
212 357 252 393 non
268 356 317 398 sunt,
332 347 411 401 'propter
423 350 489 400 populi
505 359 548 387 oum
557 347 613 389 ttose·
629 347 735 394 dissidium,
751 346 782 399 qui
796 349 841 389 ideo

108 405 167 461 iratus
182 424 202 462 s't
215 419 283 473 spiritu
297 427 332 459 suo
348 414 367 458 at
376 416 456 458 'divinae
470 414 577 467 majestatis
590 416 710 468 praesentia,
726 419 778 469 quaa
789 426 842 457 moo-

109 490 150 530 sios
166 486 250 531 aversani
264 488 319 535 solat,
336 487 412 527 orbatus
428 483 462 526 est.
491 485 631 535 linquendum,
646 484 684 523 nisi
697 496 791 535 percussa
804 482 841 533 bisss

109 559 178 609 aquam
192 551 230 597 non
244 554 337 606 praebuit.
366 554 409 594 Hoo
423 552 483 595 uoluit
496 550 567 593 David:
581 551 752 592 lrritavsrunt
766 564 842 604 super

110 630 192 678 aquas
210 621 395 667 contentionis,
420 626 444 661 et
464 620 553 660 malum
573 619 622 659 fuit
643 620 710 662 Mosi
732 627 842 672 proptor

110 698 167 738 eosq
183 692 243 745 qnia
258 689 455 730 contristarunt
469 687 594 740 spiritum
608 685 677 737 ojus,
699 686 724 727 o't
739 692 842 728 tomara

108 762 231 813 loquutus
255 762 294 799 ast
316 758 397 798 labiis
422 757 481 796 suis.
525 761 586 807 unffi
606 768 650 810 amq
674 757 767 797 malum
786 759 843 797 init

109 830 187 877 lllosi‚
203 830 254 869 siout
268 823 323 875 alibi:
338 828 433 867 Contra
446 835 481 865 ma
496 824 575 864 iratus
591 829 628 865 ost
642 825 843 885 Dominus‚quia

110 896 299 937 contristarunt
313 899 337 935 at
350 894 463 934 transire
478 893 595 932 facerunt
608 892 731 943 spiritum
750 893 842 936 sanati-

34 957 36 959 ’
109 960 177 1003 tatis
189 963 252 1012 ojus.
281 967 335 1014 gama
350 961 373 999 de
387 961 439 1005 Deo,
456 960 487 1009 qui
502 971 536 998 eos
550 959 665 1009 promissam
679 966 749 1000 terram
762 961 843 1001 non'in-

110 1039 211 1084 gressuros
227 1029 317 1075 decrerit,
332 1039 412 1081 annm
426 1026 450 1067 da
464 1027 531 1074 Mosa,
547 1027 579 1078 qni
593 1026 745 1079 indignabundus
764 1031 793 1070 sio
808 1042 842 1070 eos

110 1100 241 1152 compellauit:
261 1098 358 1138 Audito
376 1095 513 1136 Rsbolles.
541 1094 598 1147 lsqus
614 1108 667 1135 orror
680 1097 721 1143 luit,
738 1109 780 1138 oum
795 1110 842 1150 prae

37 1203 39 1205 .
108 1164 206 1208 iracundia
219 1157 273 1217 loqui
286 1165 393 1210 immemon
407 1168 481 1214 petram
494 1163 634 1213 hisnardussit,
649 1165 687 1204 naa
704 1166 843 1206 sanctifioatum

109 1235 187 1275 Domini
200 1236 271 1273 noman
285 1233 332 1279 luit,
347 1231 442 1282 amboque
457 1230 563 1281 ignorantia
577 1232 694 1280 peccamina
716 1233 772 1284 atquo
786 1233 842 1283 hujus

109 1302 184 1355 pennati
198 1311 235 1343 neo
245 1301 310 1340 Aaron
324 1300 407 1351 poenam
422 1298 493 1350 affugit.
515 1297 591 1337 Clarum
606 1303 636 1338 ast
645 1304 708 1340 autom
718 1300 762 1342 ideo
773 1301 843 1343 Mosen

109 1383 191 1423 poenam
205 1368 306 1414 meruisse,
323 1369 367 1418 quia
381 1368 418 1406 hoo
432 1370 556 1418 praecaptum
571 1380 651 1421 flnqqqq
666 1375 690 1409 ot
703 1369 843 1420 loquemini

110 1437 226 1489 neglexerat.
254 1436 371 1476 Existimavit
384 1435 422 1474 hoo
435 1433 545 1474 mandatum
559 1436 613 1474 altori
628 1436 696 1482 similo,
712 1437 763 1488 quod
775 1439 843 1477 habas:

109 1504 178 1545 Eoos
193 1516 239 1556 ago
259 1508 299 1543 sto
318 1502 604 1542 antefactamtuamin
619 1502 698 1551 oieb,
718 1500 844 1557 etperou·

112 1574 161 1613 tias
175 1578 276 1625 petram,
292 1575 328 1610 oto.
356 1570 421 1621 ltaque
435 1574 538 1621 praerepto
554 1585 636 1624 flffiqq
654 1577 739 1612 mentam
757 1586 797 1613 non
812 1573 844 1614 arl-

107 1641 166 1692 jaoit,
185 1641 251 1681 verum
266 1638 359 1684 divinam,
380 1649 428 1688 quaa
443 1648 482 1676 non
497 1636 568 1684 arllnit5
585 1639 666 1689 gloriam
681 1645 794 1692 enqtaotans,
813 1642 843 1681 his

109 1710 186 1748 tandem
202 1710 276 1746 silicem
290 1706 391 1757 percussit.
421 1705 466 1744 ldoo
482 1705 543 1750 ambo,
560 1706 628 1757 quibus
644 1707 716 1746 dictum
729 1709 800 1749 fuerat:
821 1714 844 1749 et

112 1777 136 1817 l0
145 1775 267 1829 quomini,
283 1774 353 1814 eodem
367 1773 430 1813 offerti
445 1777 489 1813 sunt
503 1774 603 1825 supplicio¹
625 1774 680 1815 Adde
694 1777 770 1829 utriquo
785 1777 844 1818 offan-

111 1857 154 1886 sum
168 1846 271 1898 populum:
293 1845 321 1884 Et
340 1842 495 1894 oongragati
515 1848 576 1882 sunt
596 1849 689 1884 contra
707 1845 800 1886 Mosen
821 1850 844 1885 et

110 1915 239 1956 Aaronom.
269 1911 369 1951 Ambobus
384 1911 442 1964 etiam
455 1910 508 1950 Dans
523 1910 542 1948 in
556 1909 680 1951 tabernaculo
695 1914 790 1965 apparuit:
803 1914 845 1957 Vo-

110 1987 204 2022 narunt
218 1983 301 2022 Moses
322 1986 346 2018 ot
363 1981 443 2018 Aaron
463 1979 490 2016 ad
509 1978 674 2017 ta'hornaouli
692 1985 804 2031 portam,
820 1986 844 2021 at

112 2049 273 2091 assiderunt
290 2048 315 2087 in
328 2047 423 2092 laniem
438 2057 517 2091 suam,
537 2050 562 2085 ot
576 2046 632 2086 uisa
651 2052 690 2088 est
704 2048 786 2100 gloria
800 2049 858 2089 lio-s

111 2119 174 2159 mini
189 2128 265 2170 super
280 2120 329 2157 eos.
358 2115 437 2168 Utrique
452 2115 523 2166 pariter
537 2114 589 2155 Doris
605 2115 737 2158 mandauerat:
751 2119 844 2170 Aooipo

112 2186 205 2237 uirgam
226 2190 250 2225 at
271 2191 401 2235 congrega
422 2183 542 2234 populum
562 2188 589 2223 tu
611 2188 636 2223 et
654 2186 744 2225 Aaron
759 2186 845 2226 irater
880 2196 881 2199 ’

85 2249 89 2251 ’
111 2260 170 2295 tuus
185 2252 372 2303 alloquamini
387 2251 414 2291 ad
429 2262 526 2301 rupem.
555 2252 578 2290 Et
591 2252 672 2291 lterum:
691 2250 845 2304 Gong'roga-

111 2321 208 2362 verunt
226 2321 298 2373 juxta
317 2332 404 2372 rupem
417 2317 543 2371 populum.
571 2318 636 2370 ltaque
650 2319 694 2360 ideo
708 2332 790 2373 poenam
805 2333 845 2362 mo·

114 2396 203 2437 ruerunt,
225 2391 270 2444 quia
284 2402 332 2431 vooe
346 2390 439 2430 inlotam
453 2392 534 2435 mutata,
550 2399 620 2428 nomen
635 2389 671 2428 Dei
685 2401 723 2430 non
738 2390 845 2431 sanctifica-

112 2457 163 2506 runt,
178 2457 231 2510 quod
240 2457 349 2505 accidisset,
364 2458 381 2498 si
390 2457 464 2508 loquuti
478 2457 565 2496 fuissent.
579 2457 670 2497 Dixorunt
684 2459 735 2498 anim
749 2459 799 2509 apud
813 2470 844 2499 sa:

111 2525 143 2565 Ut
157 2524 221 2578 quid
234 2524 300 2577 lapis
314 2528 367 2566 iste
381 2528 462 2565 mutus
477 2523 545 2564 diota
558 2524 657 2564 Domini
671 2525 843 2579 confirmabit,

113 2605 142 2635 an
156 2607 205 2635 non
223 2595 271 2635 ho'o
290 2594 368 2634 multo
388 2594 485 2634 melius
504 2606 553 2632 nos
567 2595 773 2644 praestabimus.
801 2597 844 2636 llno

112 2669 174 2715 usque
187 2664 283 2705 immorati
298 2663 374 2716 longius
389 2673 456 2703 sumus
469 2663 489 2702 in
504 2661 630 2708 ostendendo,
650 2675 707 2716 grava
721 2664 759 2704 hoo
776 2669 845 2718 peooass

111 2738 152 2772 tum
165 2736 205 2771 non
218 2732 290 2778 luisse,
305 2733 342 2772 nisi
357 2735 443 2782 spectata
456 2741 581 2780 personarum
596 2731 698 2783 dignitato,
719 2733 765 2772 lioat
778 2735 844 2774 Domi-

112 2804 148 2842 nu‘s
169 2801 222 2844 Masi
241 2799 319 2859 dixerit:
341 2800 406 2849 Quia
425 2810 472 2839 non
492 2799 695 2841 sanctificastis
710 2801 843 2843 mia-Tum
