1807 3145
382 215 445 251 Enocbi
457 216 504 252 liber.
560 221 562 228 '
766 225 805 263 253

11 378 13 386 X
132 333 154 379 9)
170 331 211 371 Hoc
227 331 281 372 vobis
291 331 334 372 dico
351 336 458 378 et‘errarro,
474 332 525 384 qood
538 333 562 379 Is,
578 334 609 384 qni
624 346 658 374 ros
673 336 748 382 creavit,
764 347 805 386 per-

9 387 33 413 ³
79 405 150 445 diturus
166 403 195 438 est
209 411 248 438 vos.
388 441 391 447 ¹

121 467 155 515 10)
169 467 256 509 Interitus
263 468 321 508 vestri
332 478 369 506 non
380 466 506 512 miserebitur,
517 467 553 507 sed
560 468 639 508 Creator
649 473 711 509 vester
718 468 808 520 gaudebit

80 536 178 578 eversione
192 539 260 574 restra.
788 576 794 583 ,

121 604 156 648 tt)
171 603 194 642 m
205 602 261 651 justi,
285 603 316 654 qui
336 605 443 649 intervos,
466 603 499 642 illo
514 603 544 643 die
563 604 681 644 confundent
694 610 807 656 peccatores

80 678 96 712 ct
110 670 184 721 impios.
247 663 250 667 ’

371 738 433 777 GAP.
453 738 514 780 xciv.

136 829 155 876 t)
170 827 245 868 Utinam
260 829 309 868 oculi
324 829 362 867 mei
380 827 441 868 nubes
460 840 551 880 aqrrarnm
570 834 646 875 essent,
668 835 689 868 nt
702 827 769 878 flerem
783 827 806 867 de

80 899 132 939 robis
148 901 167 936 et
180 897 274 947 iacrymas
289 896 406 937 effunderem
420 897 495 948 pluviae
514 898 583 943 instar,
606 900 625 937 et
638 885 784 947 requiescerem
798 908 808 934 c

80 966 163 1018 pcc-toris
177 965 215 1004 mei
233 964 313 1004 tristit'a.
379 953 383 957 f

134 1034 156 1082 2)
172 1031 220 1080 Quis
232 1033 284 1072 robis
294 1033 382 1082 permisit
391 1033 455 1073 odium
465 1045 554 1073 exercere
565 1037 583 1072 et
593 1031 699 1072 maiitiam?
714 1029 807 1070 Jndicirrm

81 1112 114 1142 vos
131 1100 235 1151 opprimet,
251 1111 285 1139 ros
299 1104 418 1151 peccatores.

136 1169 158 1213 3)
172 1166 221 1205 tosti
241 1178 280 1204 non
300 1171 387 1204 metuent
405 1168 515 1217 improbos,
544 1179 588 1206 nam
608 1167 661 1206 Dens
681 1166 750 1205 iterum
772 1165 808 1204 hos

79 1232 170 1282 potestati
183 1234 259 1271 restrae
273 1230 368 1279 subjiciet,
383 1236 404 1272 rit
418 1232 455 1283 ipsi
464 1232 520 1273 robis
529 1231 633 1271 vindictam
647 1233 726 1270 sumatis
742 1243 810 1270 secun-

81 1299 126 1337 dum
140 1300 285 1349 benepiacitnm
751 1286 752 1291 ¹

110 1383 113 1389 ¹
135 1366 158 1413 4)
172 1365 213 1418 Vae
226 1365 290 1409 vobis,
306 1366 457 1404 execrationibus
472 1367 598 1413 execramini
611 1377 657 1417 quas
673 1378 711 1405 non
726 1366 810 1411 soiritis3

82 1432 158 1471 medela
171 1432 240 1480 procul
254 1444 264 1469 a
278 1432 332 1470 vobis
350 1437 428 1484 propter
444 1438 524 1483 peccata
537 1438 606 1474 vestra.
634 1433 674 1475 Vae
688 1433 755 1480 robis,
781 1433 812 1484 qni

81 1498 145 1539 ricino
160 1497 235 1537 malurn
256 1497 346 1545 redditis,
370 1511 415 1540 nam
434 1504 453 1539 et
471 1506 534 1540 restra
554 1511 630 1543 merces
651 1501 686 1539 erit
706 1500 811 1538 secundum

83 1576 140 1616 opera
154 1568 223 1605 restra.

137 1635 159 1681 5)
174 1631 213 1674 Vae
227 1632 288 1678 vobis,
303 1636 364 1670 testes
378 1631 480 1677 mendacii,
496 1632 528 1683 qni
538 1632 657 1682 iniquitatem
670 1632 754 1681 angeiis;
768 1641 812 1670 nam

84 1698 145 1739 schira
161 1699 252 1750 peribitis.
730 1702 731 1706 ’

138 1769 160 1814 6)
174 1766 214 1808 Vae
226 1765 286 1812 robis,
300 1769 425 1817 peccatores,
441 1765 473 1815 qni
485 1764 564 1815 rejicitis
572 1763 641 1821 justos,
658 1769 677 1804 et
691 1764 722 1815 [ad
732 1760 812 1811 libitum]

84 1835 168 1887 recipitis
188 1840 220 1874 ant
240 1833 319 1885 rejicitis
341 1846 386 1880 eos,
410 1835 442 1885 qui
462 1834 580 1885 iniquitatem
601 1833 747 1885 iconrnrittont];
770 1842 814 1870 nam

83 1902 149 1952 jrrgrrm
165 1915 230 1941 eorum
244 1903 349 1942 invalescet
364 1914 420 1952 snper
434 1914 474 1943 vos.

381 2013 441 2052 CAP.
460 2012 514 2053 XCV.

142 2106 162 2151 1)
178 2104 237 2154 Spem
245 2103 315 2143 bonam
326 2102 400 2149 habete,
410 2103 466 2152 Justi;
477 2116 521 2143 narn
532 2103 595 2143 subito
604 2109 716 2155 peccatores
725 2102 815 2154 peribunt

88 2170 231 2217 commanitis,
252 2174 271 2211 et
284 2170 431 2210 dominationem
446 2178 503 2221 snper
517 2184 552 2211 eos
567 2172 690 2217 cremabitis,
710 2167 815 2212 secundnm

87 2238 178 2277 abitrium
187 2243 277 2296 restrum.

142 2307 165 2354 ἓ)
179 2297 215 2346 Die
234 2308 322 2348 interitus
341 2312 464 2358 peccatoram
482 2308 584 2359 progenies
598 2311 661 2347 restra
681 2305 815 2347 excoriatores

87 2372 171 2421 erigetur
184 2374 235 2413 sicut
249 2375 328 2426 aquiiae.
351 2375 411 2415 Nidus
423 2379 488 2415 vester
501 2375 557 2415 altius
572 2376 673 2419 evehatur,
688 2386 744 2425 quarn
758 2371 815 2411 nidus

87 2438 149 2485 milri;
164 2439 272 2480 ascendetis
288 2445 307 2480 et
322 2452 411 2481 cavernas
425 2445 488 2480 terrae
500 2441 593 2479 int-rabitis
608 2433 731 2480 etsarornm
745 2451 815 2491 specus

87 2503 106 2544 in
121 2510 230 2556 aeternum,
246 2509 296 2549 sicut
310 2508 402 2556 cuniculi,
417 2508 485 2560 procui
500 2507 523 2547 ah
538 2507 631 2558 adspectu
645 2509 753 2560 impiorum.
762 2507 780 2553 a)

134 2660 153 2701 a)
166 2662 186 2694 ad
198 2662 238 2705 Gap.
250 2662 300 2704 XCV,
313 2675 356 2697 vers.
369 2663 392 2707 2.]
415 2664 467 2697 Locus
483 2664 549 2697 videtur
561 2675 582 2698 er
597 2661 651 2706 Isajah
663 2662 688 2705 11,
705 2660 733 2697 21.
749 2667 817 2702 surinus,

91 2723 138 2755 quom
156 2715 199 2750 LXX
216 2718 239 2751 sie
260 2726 386 2762 expresserunt:
408 2714 435 2751 Tb
454 2710 555 2751 arestarco
573 2714 602 2760 εἰς
620 2709 657 2758 τὰς
676 2708 765 2763 recipitne
783 2713 818 2762 τῆς

91 2765 173 2816 στερεάς
187 2762 266 2819 πέτρας,
281 2770 314 2808 ant
324 2772 352 2816 εἰς
365 2763 402 2816 τὰς
417 2763 505 2824 σχισμὰς
518 2770 555 2807 τῶν
568 2768 655 2823 carpor,
676 2775 705 2810 ubi
721 2775 818 2818 Aethiopica

90 2823 143 2859 isaiae
155 2831 209 2863 versio
222 2840 298 2867 accurate
311 2836 368 2868 cadem
380 2835 430 2868 babet
442 2836 503 2876 verba,
520 2845 562 2878 quac
574 2834 601 2867 iric
613 2840 706 2869 oecon-ont.
726 2831 817 2866 Lanrcnce.
