1807 3145
139 193 177 231 186
438 189 501 222 Enochl
513 189 560 223 liber.

173 303 210 352 ’15)
223 303 247 342 Et
261 302 310 342 diri:
324 303 438 344 benedictus
452 305 477 345 sit
491 306 585 345 Dominus
600 315 667 350 rneus,
683 300 778 347 Dondnus'
792 307 862 358 gloriae

136 378 155 411 et
167 372 262 421 justitiae,
284 373 316 423 qni
331 372 419 410 omnibus
434 373 542 413 dominatur
556 375 575 413 in
590 385 647 413 orrrne
661 385 732 418 aerum.

426 508 486 548 GXP.
508 510 571 551 XXIII.

190 609 208 655 1)
222 609 268 648 Inde
282 610 306 649 ad
327 612 384 649 alium
398 611 462 648 locum
476 613 575 659 processi,
600 622 667 650 uersus
689 611 819 655 occidentem,
844 613 863 650 in

133 681 216 715 extrema
230 680 303 722 terrae3

187 743 206 790 2)
221 743 257 782 Ubi
276 744 340 795 ignem
359 743 396 786 ridi
416 744 514 785 ardentem
535 731 716 803 erameniorum
738 745 780 784 sine
800 757 863 784 cessa-

131 812 193 857 tione,
209 811 241 862 qui
255 824 332 851 cursum
346 824 409 863 neque
423 812 506 852 interdiu
520 825 583 864 neque
598 817 656 853 noctu
670 809 811 863 intermittebat,
827 811 862 851 sed

132 891 209 929 semper
222 879 319 930 pergebat.
660 931 661 934 Ἴ

188 945 207 993 3)
221 945 337 998 Interrogavi
352 946 428 985 dicens:
444 946 489 997 quid
502 947 540 986 hoo
555 953 590 994 est,
606 948 657 999 quod
671 960 768 998 nunquam
784 947 863 997 cessat?

186 1012 206 1062 4)
221 1011 270 1053 Tum
284 1012 365 1065 Regnoi,
380 1025 429 1053 nrrus
445 1025 467 1056 er
482 1015 553 1055 sanctis
568 1014 647 1066 angelis,
664 1002 696 1066 qui
711 1026 787 1056 mecum
802 1018 862 1059 erant,

131 1080 231 1131 respondit

187 1147 206 1196 5)
221 1147 302 1187 Dicens:
316 1148 365 1199 ignIs
380 1147 500 1195 bicordem,
516 1160 573 1200 quem
584 1147 723 1189 discurrentem
732 1147 786 1190 rides
796 1159 862 1189 uersus

132 1213 261 1258 occidentem,
277 1217 307 1252 est
322 1213 385 1264 [ignis]
401 1215 485 1253 omnium
499 1215 620 1255 luminarium
635 1215 691 1253 coeti.

425 1350 489 1388 OAP.
508 1349 571 1389 XXIV.

188 1450 268 1498 illude
288 1450 312 1488 ad
329 1451 385 1489 atium
404 1450 468 1489 locum
489 1453 587 1500 processi,
612 1456 631 1491 et
651 1456 736 1491 nrontcrn
756 1449 793 1491 uidi
812 1449 861 1499 Ignis

132 1516 214 1556 ardentis
232 1514 313 1554 interdirr
334 1520 353 1554 et
371 1520 434 1554 noctu.
470 1516 507 1555 Ubi
526 1517 578 1567 attigi
598 1528 652 1562 eum,
677 1517 769 1567 conspexi
788 1519 862 1566 septem

130 1589 205 1625 montes
220 1583 341 1635 splendidos,
361 1583 391 1636 qrri
407 1584 454 1623 alter
468 1583 491 1624 ab
506 1584 565 1624 aiteio
581 1584 719 1636 discrepabant.

185 1652 205 1699 2)
219 1652 300 1702 Lapides
310 1664 377 1690 eorrrm
386 1651 481 1690 radiantes
493 1657 546 1691 erant
557 1664 579 1691 ao
591 1653 676 1697 venusti;
689 1649 862 1691 omnes‘radiantes

130 1724 184 1758 erant
202 1723 222 1757 et
235 1719 330 1768 splendidi
350 1720 452 1768 adspectu,
478 1725 496 1756 et
510 1725 590 1757 venusta
608 1732 674 1757 eorum
693 1718 809 1769 superficies.
838 1716 862 1753 Hi

132 1773 221 1835 [montes]
238 1790 291 1824 erant
304 1797 371 1825 uersus
387 1785 490 1829 orientem,
509 1790 529 1824 et
543 1786 617 1825 exaltati
632 1798 665 1831 eo,
681 1785 733 1836 quod
747 1785 794 1824 alter
809 1783 862 1822 alteri

69 1847 75 1849 ’
130 1853 232 1904 impositus
248 1857 297 1897 erat,
314 1857 331 1891 ot
346 1857 384 1891 nes
400 1856 453 1890 crant
467 1864 533 1891 uersus
548 1857 624 1898 notum,
639 1853 695 1891 simili
709 1852 767 1891 modo
782 1851 862 1890 exaltati.

131 1920 171 1961 Neo
191 1919 254 1959 minus
276 1918 302 1957 ibi
325 1923 378 1958 erant
397 1918 502 1968 prolurrdae
517 1921 587 1965 ratleo,
613 1931 660 1970 pirae
681 1932 719 1958 non
739 1931 768 1975 se·
781 1919 863 1958 ianoern

130 1978 310 2037 appropirrqrrabanl.
329 1986 352 2024 Et
363 1986 455 2034 septimus
467 1998 522 2025 mons
534 1987 609 2025 medIus
619 1987 669 2025 inter
680 1999 714 2026 eos
729 1975 774 2026 erat.
795 1987 810 2026 E
822 1987 862 2025 lon-

130 2053 201 2104 ginquo
217 2063 284 2089 omnes
298 2051 410 2089 thronorum
425 2050 503 2090 sedibus
519 2052 591 2092 similes
607 2049 738 2103 apparebarrt,'
749 2056 767 2093 et
783 2052 861 2093 arbores

83 2122 89 2127 ‘
131 2119 236 2159 odoriferae
251 2129 285 2157 eos
301 2117 448 2157 circumdabant.

186 2188 206 2236 3)
221 2187 271 2226 Inter
285 2187 319 2226 has
331 2187 387 2226 arbor
397 2191 438 2226 erat
448 2186 557 2226 inerstinoti
569 2186 639 2234 odoris,
654 2199 717 2238 neque
728 2198 798 2232 earum,
814 2198 862 2239 quae
878 2185 880 2187 ’

133 2257 152 2296 in
166 2254 220 2295 Eden
235 2257 298 2300 erant,
327 2254 365 2293 ulla
387 2264 409 2293 er
430 2254 518 2293 omnibus
538 2254 664 2305 fragrantibus
684 2254 784 2294 arboribus
799 2255 863 2294 olebat

129 2320 179 2362 sicul
192 2323 246 2361 haec.
274 2321 333 2366 Folia,
351 2319 416 2365 flores,
432 2325 497 2360 cortex
512 2320 553 2371 ejus
568 2332 664 2373 nunquam
679 2320 829 2367 marcescebant,
844 2326 863 2359 et

131 2392 204 2432 fruetus
219 2387 261 2438 eJ'ns
276 2393 368 2429 uenustus
384 2393 429 2428 erat.
654 2424 655 2427 ,

188 2457 207 2504 4)
221 2455 301 2495 Fructus
316 2456 358 2507 ejus
373 2456 466 2508 aequabat
479 2457 553 2509 palmae
568 2468 620 2498 uras.
639 2455 733 2510 EquIdem
747 2455 862 2502 exclamavi:

132 2527 183 2567 Ecce
204 2521 261 2562 arbor
280 2521 328 2561 haee
341 2524 392 2563 laeta
407 2528 437 2563 est
451 2523 552 2575 adspecta,
574 2535 654 2564 amoena
672 2525 731 2571 loliis,
756 2531 776 2565 et
789 2525 862 2564 fructus

134 2591 215 2631 delcetat
233 2588 317 2627 oculum.
346 2589 395 2628 Tum
414 2590 508 2636 blichaet,
532 2600 582 2629 unns
602 2600 625 2629 er
644 2592 715 2630 sanetis
734 2596 753 2630 et
772 2590 862 2644 gloriosis

131 2658 214 2710 arrgebs,
234 2657 266 2707 qui
280 2667 356 2696 mecum
372 2661 426 2696 erant
439 2662 458 2696 et
472 2659 504 2711 qui
517 2661 604 2709 praeerat
617 2658 651 2704 iis,
671 2657 775 2709 respondit,

185 2724 204 2771 5)
218 2723 301 2763 Dicens:
322 2723 401 2769 Enoch,
417 2735 451 2763 cur
465 2725 571 2776 interrogas
587 2723 610 2763 de
625 2723 685 2764 odore
700 2722 756 2775 hujus
772 2723 861 2765 arboris?

184 2791 204 2840 n)
220 2789 273 2842 [Gru]
289 2791 368 2843 cupidus
384 2803 405 2833 es
420 2790 476 2843 hujus
491 2791 519 2832 rei
534 2790 699 2844 cognoscendae?
