1807 3145
351 201 416 237 Enochi
427 199 474 236 liber.
738 193 780 243 299

49 318 280 363 Dominorurneltomini
299 323 363 360 autem
381 318 611 371 nuncupantur'Electus
630 318 725 360 etaltera
743 316 780 357 Po·

49 392 114 433 testas,
129 398 177 438 quae
188 399 266 438 operam
276 398 330 426 suam
341 387 446 429 contulisse
457 386 545 427 dicuntur
554 388 574 427 in
583 387 696 427 formatione
706 385 779 430 mundi,-

49 456 81 497 illo
97 454 134 500 die,
148 454 186 494 hoc
201 459 236 501 est,
251 455 282 494 die
297 456 406 495 creationis.
431 455 532 494 Praeterea
546 458 663 494 memoratur
676 453 778 505 singularis

50 522 159 576 angelornm
170 524 243 570 elassis
258 523 365 570 ministerio
380 524 448 565 horum
463 523 540 564 intenta.
770 574 772 576 ι

61 579 62 582 “
104 590 146 629 Hoc
161 595 363 641 argumentumque
378 591 455 635 ludaeis
470 591 612 632 detnnnsuatur
624 597 667 633 ante
683 592 779 632 Christum

50 662 113 698 natum
128 657 234 698 doctrinam
246 657 344 699 Trinitatis
354 658 468 704 innotuisse,
483 658 528 699 mihi
542 659 616 698 videtur
629 659 689 698 multo
704 660 779 710 granius

51 739 72 767 ac
86 725 169 773 iirmius,
186 738 242 778 quam
256 725 308 772 illud,
324 725 375 778 quod
389 726 504 778 frequenter,
520 727 555 768 sed
569 739 600 768 mc
615 727 692 779 quidem
704 727 778 777 judice,

50 807 88 835 non
113 793 230 835 sufficienter
254 806 277 835 en
291 795 436 847 philosophicis·
448 797 541 847 'antiquae
565 795 660 836 Gabbalaa
680 794 779 846 principiis

50 862 152 902 deductum
165 855 199 902 est.
218 863 277 902 ¹Haud
290 876 321 902 me
336 864 394 908 latet,
414 864 689 915 Cabbalisticamtheologiam
703 864 781 903 nouisse

50 929 156 970 Ariluth
177 930 222 985 sire
237 930 417 970 emanationes
436 931 496 977 Dei;
510 930 546 970 sed
560 931 601 978 has,
621 936 678 983 prout
692 928 782 982 equidem

51 1003 116 1039 contra
139 998 243 1039 multorum
267 999 419 1046 Christianorum
443 1000 554 1052 opinionem
576 1012 691 1053 persuasum
713 999 780 1044 habco,

50 1066 102 1105 nullo
124 1070 212 1118 ternpore
232 1066 300 1107 ludaei
321 1078 356 1117 pro
378 1067 459 1107 diversis
482 1068 582 1119 personis,
602 1068 637 1107 sed
653 1074 726 1108 tantum
746 1081 780 1120 pro

49 1132 145 1172 distinctis
161 1132 245 1184 energiis
260 1133 282 1171 in
293 1133 372 1171 numine
387 1133 450 1173 diuino
465 1134 579 1173 habuerunt.
593 1136 666 1175 Revera
681 1147 781 1187 argumem

48 1205 87 1240 tum
102 1199 165 1247 istud,
181 1200 313 1253 qualecunque
325 1201 357 1247 sit,
372 1202 415 1252 plus
426 1202 521 1253 probaret,
538 1214 595 1253 quam
610 1202 698 1249 asseclae
709 1202 781 1246 volunt,

48 1280 93 1308 narn
106 1269 151 1308 inde
166 1273 290 1322 sequeretur,
311 1268 395 1309 ludaeos
416 1268 518 1316 decem,
538 1282 577 1309 non
598 1260 655 1311 tres
675 1263 782 1311 credidisse

48 1337 161 1385 personales
176 1350 187 1375 e
202 1338 244 1375 Deo
259 1338 398 1382 emanationes;
419 1339 451 1377 hic
469 1338 520 1378 enim
535 1343 565 1379 est
583 1350 674 1379 numerus
690 1325 785 1390 Seplairo¹>

49 1401 145 1445 tharum.¹
173 1405 285 1457 Imaginatio
306 1416 384 1457 semper
402 1402 456 1446 amat'
472 1403 610 1446 similitudines
628 1405 726 1451 invenire,
744 1404 783 1445 'ubi

58 1630 60 1632 ,
94 1599 111 1641 1)
124 1599 156 1639 our
168 1600 258 1638 doctrinam
271 1600 371 1637 christianae
383 1602 462 1641 trinitatis
474 1603 491 1634 in
504 1601 596 1644 Sephirotis
608 1601 721 1643 Gabbaltstiois
732 1603 784 1635 inve-

50 1659 104 1699 niunt,
117 1659 169 1691 tribus
181 1659 236 1702 primis
245 1669 300 1698 carum
308 1663 370 1690 tantum
380 1658 450 1690 animum
458 1658 553 1700 advenum,
567 1668 621 1703 neque
630 1664 714 1702 reputent,
727 1668 783 1695 ornnes

51 1724 103 1760 aeque
119 1726 128 1748 a
141 1706 239 1749 Gabbalistis
255 1720 273 1749 ut
285 1716 351 1750 diuinas
367 1717 480 1748 emanationes
492 1716 600 1757 considerari,
615 1717 678 1750 uariam
694 1715 726 1748 Dei
742 1724 797 1757 con-y

50 1774 155 1818 ceptionem,
174 1774 191 1806 in
202 1773 280 1817 operibus
292 1773 328 1816 ojus
340 1772 437 1814 revelatam,
451 1771 586 1816 complectentes.
610 1774 713 1817 „Antequam
725 1781 784 1816 magna

51 1829 102 1864 Causa
112 1830 185 1867 omnium
197 1840 256 1871 rerum,
269 1831 390 1862 secretissimus
401 1834 507 1870 secretorum,
520 1830 596 1864 mundum
608 1835 683 1872 crearet,
696 1835 784 1874 antequam

51 1898 77 1921 res
89 1887 180 1921 conficeret
191 1886 277 1920 intellectu
288 1886 407 1931 percipiendas
419 1892 447 1920 aut
459 1887 520 1920 formas
532 1887 637 1931 produceret,
649 1878 678 1921 lile
690 1889 747 1929 erat,“
760 1888 785 1920 sic

52 1944 103 1987 ajunt,
117 1944 171 1987 „solus
179 1953 209 1987 per
217 1953 235 1976 se
244 1944 280 1976 sine
292 1944 344 1986 ligura
356 1945 392 1974 sive
404 1943 516 1975 similitudine.
526 1944 559 1976 Sed
571 1955 607 1976 cum
619 1946 682 1977 creatio
694 1946 783 1987 coepisset,

51 2004 90 2048 quia
100 2002 188 2036 existentia
196 1999 227 2034 llci
238 2000 305 2034 nonnisi
318 2009 348 2043 per
359 2002 437 2044 energias
449 1998 484 2042 ejus
495 2000 597 2034 nranilestnri
605 2005 677 2044 poterat,²
686 2010 708 2040 env
714 2001 784 2038 immen-

51 2061 99 2093 sitate
115 2061 192 2104 propriae
210 2060 226 2093 ei
244 2060 327 2093 essentiae
345 2059 476 2103 exsiluitprima
493 2059 586 2093 divinarum
602 2059 732 2103 Seplrirotlr
748 2060 784 2093 sire

51 2119 203 2159 enumerationum,
216 2118 234 2151 in
246 2117 296 2150 variis
308 2116 388 2161 grauibus
399 2115 481 2149 inanium
492 2117 545 2150 diuini
553 2118 624 2150 numinis
632 2117 717 2150 elfluvium
725 2127 785 2150 nouem

53 2175 89 2208 aliis
101 2176 235 2215 communicans,
253 2184 296 2218 quae
313 2177 417 2217 computatae
435 2174 552 2216 decemplicem
564 2174 595 2208 uei
607 2174 660 2208 ideam
671 2175 720 2208 nobis
731 2174 786 2217 expli-

51 2240 95 2268 cant.
118 2234 180 2268 Eadem
198 2236 252 2266 autern
269 2231 309 2265 unic
321 2231 398 2265 statuitur
410 2239 445 2263 esse
457 2231 501 2265 inter
514 2235 564 2265 totam
576 2230 665 2273 decadem,
685 2241 728 2276 quae
742 2231 786 2263 inter

52 2293 119 2334 primam
131 2291 210 2331 triadem,
224 2295 241 2323 et
252 2288 371 2327 hebdomadem
383 2287 473 2331 reliquam,
486 2298 543 2322 omnes
554 2289 655 2332 separabiles
667 2289 720 2333 quoad
732 2289 786 2320 actic-

52 2350 77 2382 nis
89 2350 152 2390 modos,
165 2348 194 2381 sed
207 2345 326 2390 inseparabiles
338 2345 393 2389 quoad
405 2351 487 2386 naturam.
511 2346 612 2387 Praeterea,
625 2348 638 2380 si
656 2351 689 2385 tres
700 2346 764 2389 priores
776 2354 786 2378 a

52 2405 120 2450 reliquis
126 2410 229 2452 separantur,
242 2409 260 2437 ut
267 2414 311 2436 mere
318 2402 433 2447 intelligibiles
441 2404 561 2443 emanationes,
573 2413 643 2447 magnus
652 2403 723 2437 Deitatis
735 2403 786 2450 ipsius

52 2460 89 2495 lons
102 2462 206 2506 negligitur,
218 2461 245 2494 ille
258 2461 285 2503 „in
297 2460 343 2502 cujus
354 2464 437 2502 potestate
450 2460 484 2492 esd‘
496 2465 514 2492 nt
525 2460 580 2493 chrm
592 2461 639 2500 dicit,
653 2470 725 2503 ,augere
738 2460 787 2492 iniis

53 2524 81 2551 aut
91 2520 167 2552 minuere
178 2517 280 2551 induentium
292 2526 347 2556 suam,
360 2516 449 2550 secundum
461 2514 584 2559 beneplacitum
595 2518 657 2549 suum.t
678 2515 722 2552 Edit.
735 2514 785 2549 blant

52 2574 88 2611 Vol.
100 2576 120 2611 ΙΙ,
132 2587 150 2621 p.
162 2574 190 2610 43,
213 2574 248 2613 Etsi
264 2575 308 2607 enim
325 2584 385 2607 nonren
403 2574 451 2616 primi
463 2572 513 2607 tontis
525 2574 579 2607 omnis
591 2574 658 2609 divinae
670 2574 793 2619 emanationis,-

52 2632 222 2679 Or-En-Soph,
240 2634 284 2675 (sive
302 2632 347 2666 Lux
364 2633 476 2675 infinita,
496 2637 515 2664 ut
526 2643 536 2665 a
548 2631 645 2666 Gabballstis
664 2630 788 2681 nuncupatur),

52 2692 134 2725 interdurn
145 2692 229 2725 Kether
246 2691 283 2724 sive
300 2689 400 2724 Coronae
419 2690 505 2731 tribuitur,
526 2690 588 2733 primae
606 2688 715 2732 Sephirotae:
732 2693 787 2722 tamen

53 2745 216 2792 Or-En-Soph
227 2747 264 2791 ipsa
276 2745 320 2779 clare
332 2746 439 2790 distinguitur
458 2746 478 2779 ab
495 2747 526 2780 hac
538 2752 555 2779 et
566 2747 624 2788 quavis
637 2746 669 2777 alia
680 2745 786 2789 Sephirctha.

53 2801 107 2841 erare
119 2810 216 2851 argumenta
228 2814 296 2847 eorum,
314 2806 343 2849 qui
358 2804 384 2839 tris
395 2804 507 2839 cahbalisticis
524 2802 620 2836 commentis
631 2802 716 2842 nituntur,
734 2800 787 2839 solido

55 2871 112 2897 carere
123 2865 164 2898 mihi
175 2864 254 2899 ridentur
264 2862 383 2905 fondamento;
404 2867 422 2897 et
433 2873 454 2897 err
465 2863 491 2897 lais
503 2862 607 2906 comprobari
618 2865 674 2906 posset
686 2860 788 2905 quaternitas
