1807 3145
348 197 469 234 Vita'lllertini.
487 237 489 239 ,

37 319 153 361 Aethereum
168 321 244 360 coelum
257 320 331 371 posuit,
347 320 450 371 tribuitque
463 317 567 363 ¹colendum

39 385 130 426 coetibus
144 386 246 440 angelicis,
262 383 311 438 qnos
326 387 461 439 contemplatio
477 386 533 437 digna

38 456 66 495 lc
75 454 162 495 dulcedo
176 457 213 497 Dei
227 456 288 496 reticit
301 456 387 497 miranda
400 468 436 507 per
450 466 523 497 aevum.

38 522 80 562 Hoc
95 534 170 575 qnoque
187 523 270 574 depinxit
284 523 345 563 stellis
361 528 380 562 et
394 523 436 561 sole
451 533 544 568 corusco,

37 590 126 631 indicens
140 592 214 642 legem,
230 602 278 642 quae
293 595 351 630 certo.
360 590 421 630 limite
435 589 490 643 stella
529 596 541 627 1

38 659 75 699 Per
89 657 125 697 sibi
140 657 265 696 commissum
279 655 469 708 possetdiscurrere
484 657 565 697 coelum.

38 724 142 766 Postmodo
157 725 331 777 supposuitlunari
346 736 427 779 corpore
441 724 517 777 fulgens
569 762 570 765 ,
619 757 621 760 .

38 793 116 833 Actium
131 793 217 839 coelum,
232 791 284 844 quod
298 804 333 846 per
346 793 458 846 locacelsa
470 791 565 834 redundat
601 843 603 845 ,

39 861 143 911 Spirituum
152 861 235 906 cuneis,
251 862 286 916 qui
298 860 353 911 nobis
365 862 525 913 compatiuntur.

37 928 61 968 tu
76 926 200 968 collaetantur
214 929 259 975 dum
274 929 302 968 sic
317 928 530 980 alitervemovemur:v

39 995 126 1047 Suntque
140 1008 209 1047 preces
224 996 324 1040 hominum
339 996 391 1038 soliti
404 996 489 1048 perferre
503 1008 619 1050 perduras,

38 1063 101 1124 Atque
115 1070 184 1114 rogare
197 1064 269 1111 Deum,
285 1064 337 1116 quod
345 1065 376 1104 ,sit
388 1065 553 1119 placabilisjllis3

39 1128 171 1180 effectumque
184 1130 221 1168 Dei
235 1142 303 1169 somno
318 1132 349 1184 vel
362 1144 410 1170 voce
425 1133 508 1176 referre,
561 1169 563 1173 ,

39 1197 75 1238 Vel
89 1197 149 1250 signis
164 1196 216 1243 aliis,
232 1201 252 1237 ut
266 1196 311 1238 liant
325 1196 370 1238 inde
385 1198 476 1238 scientes.

94 1337 133 1384 „m
147 1336 320 1377 cacodaemonibus
334 1340 380 1387 post
393 1336 459 1376 lunam
473 1336 540 1377 subtus
555 1334 645 1384 abundat,

40 1406 77 1454 Qui
91 1419 127 1446 nos
142 1405 274 1457 decipiuntet
287 1408 388 1455 temptant,
403 1405 474 1456 fallere,
485 1405 547 1446 docti:

39 1473 63 1512 Et
76 1472 113 1512 sibi
127 1472 237 1512 multotiens
253 1483 281 1511 cu.
290 1483 334 1510 aere
350 1483 431 1523 corpore
447 1476 523 1524 sumpto

39 1540 99 1579 Nobis
114 1544 213 1592 apparent,
229 1544 248 1580 et
261 1539 345 1590 plurima·
356 1551 414 1592 saepe
428 1542 545 1591 sequuntur,

39 1608 90 1657 Quin
105 1610 163 1648 ctiam
177 1609 228 1648 coitu
242 1607 332 1648 mulieres
347 1605 486 1660 agrediuntur¹

37 1677 60 1716 llt
74 1676 268 1727 faciuntgruuidas„
273 1680 389 1727 generantes
403 1688 457 1715 more
471 1677 556 1726 profano.

39 1742 143 1796 sicigitur
157 1744 225 1784 coelos
239 1743 333 1787 habitatos
349 1743 415 1783 ordine
429 1739 484 1793 temo

39 1811 143 1863 Spirituum
157 1811 211 1857 feeit,
225 1811 301 1853 foveant
310 1815 336 1851 ut
349 1812 424 1864 singula
439 1823 535 1864 quaeque,

38 1879 66 1918 Ao
80 1884 160 1920 renovet
174 1879 265 1919 mundum
278 1883 370 1921 renouato
385 1880 470 1932 germine
484 1883 566 1920 rerum.“
598 1873 603 1888 ⁵

93 2016 129 2062 „ltu
143 2027 194 2053 mare
209 2027 244 2065 per
258 2015 334 2064 species
349 2014 410 2054 varias
426 2014 555 2061 distinxit-ut
569 2029 592 2056 eu
607 2029 628 2057 sc

37 2082 133 2123 Proferret
147 2093 211 2122 rerum
225 2082 296 2122 formas
311 2082 422 2135 generando
436 2071 471 2133 per
486 2094 558 2123 aevum.
571 2109 577 2112 »-

37 2154 83 2192 Pars
97 2152 167 2192 etenim
181 2151 251 2197 ferret,
265 2153 389 2208 parefriget,
405 2157 425 2192 et
438 2145 480 2192 una'
490 2152 562 2193 duabus

38 2220 160 2271 Temperiem
174 2231 251 2260 sumens
265 2219 321 2260 uobis
337 2219 426 2262 alimenta
441 2221 554 2263 ministrat.“

93 2356 141 2401 „Ast
155 2366 187 2400 ea,
204 2365 252 2405 quae
265 2353 338 2399 fervet,
353 2355 450 2394 baratrum
464 2366 508 2394 cum
522 2355 611 2406 gentibus
625 2356 674 2395 acris

38 2424 120 2469 Circuit,
136 2426 155 2463 et
169 2427 230 2463 terrae
245 2422 326 2463 diversis
341 2421 430 2462 fluctibus
446 2420 542 2464 orbem&

38 2492 126 2531 Secernit
139 2490 240 2536 relluens,'
249 2491 305 2542 ignes
320 2503 343 2530 ex
357 2482 526 2543 ignibus'nugons.

30 2561 78 2600 lllic
93 2559 221 2606 descendunt,
237 2559 270 2610 qui
283 2560 337 2612 leges
351 2558 525 2612 transgrediuntur,
571 2583 574 2586 -

37 2630 184 2682 Postpositoquc
198 2628 252 2675 Deo,
268 2640 306 2680 quo
320 2627 360 2669 uult
374 2640 463 2680 perversa
478 2627 566 2669 uoluntas

37 2697 140 2744 lucedunt,
155 2694 203 2738 auidi
218 2707 341 2748 corrumpere
356 2696 407 2748 quod
421 2697 550 2749 probibentur.

82 2849 99 2895 l)
111 2820 139 2885 sle
150 2849 207 2886 codex.
230 2847 248 2893 2)
260 2847 317 2885 codex
328 2850 390 2887 habete
403 2850 457 2885 tetri
469 2853 486 2885 et
497 2849 599 2885 orbant.-
