1807 3145
348 169 415 229 Enochi
425 189 474 225 liber.
661 157 666 165 Ι
700 182 701 185 ¹
713 159 715 166 ¹
736 193 776 232 289

47 307 168 354 ludaicorum
182 303 262 354 numero
278 305 366 347 omissus
382 312 421 353 est,
442 308 512 359 quippe
532 307 563 358 joui
576 305 626 359 'post
644 304 684 348 tres
698 309 777 347 menses

46 391 105 432 regno
124 376 225 429 depulso,
240 376 298 417 irater
321 376 383 427 may'or
401 377 509 417 lehoiakim
528 389 538 417 a
557 376 666 430 Pharaone
676 377 777 418 Nechoutc

47 447 138 489 suffectus
153 442 199 489 sit.¹
227 444 270 485 Non
284 444 347 484 minus
362 446 382 484 in
396 445 630 498 israeliticorurn'regnm
649 443 777 493 nurnero'de-

47 519 90 558 sunt
102 511 172 560 Zimri,
188 512 222 564 qui
235 516 308 565 septem
323 512 365 552 dies
379 515 481 565 ragnarii,
490 514 556 560 Tihni,
572 515 633 556 Omrii
651 516 725 561 rivalis,
745 517 777 567 qui

47 593 142 635 nunquam
161 581 239 621 omnino
258 582 357 632 potestatis
371 583 547 633 particepsfuisse
561 582 644 631 videtur,
665 584 776 629 Zachariah,

47 653 78 705 qui
91 655 137 702 post
150 649 287 690 leroboarnum
301 651 323 690 ll.
338 663 372 690 sex
386 655 473 698 menses,
494 655 513 693 et
528 664 635 693 successor
654 652 695 704 ejus
711 653 778 694 Schal-

46 721 94 765 lum,
110 718 142 769 qui
155 730 214 757 unum
228 722 300 758 tantum
314 731 374 771 regno
389 719 506 771 fungebatur.

71 798 72 801 ¹
102 786 203 827 Secundus
219 788 266 828 ordo
281 799 348 840 regum
362 788 495 840 complectitur
509 793 559 836 eos,
577 791 609 841 qui
628 790 719 830 israelitis
733 797 778 842 post

47 856 178 909 capitivitatem
187 856 323 908 imperarunt,
333 860 435 907 postquam
449 856 516 897 ludaei
533 857 635 903 desierant,
650 858 777 909 popularibus

47 926 86 968 suis
101 937 174 977 parere.
198 924 264 980 ltaque
273 925 355 976 proximi
364 929 452 976 pastores
466 926 588 977 siginides,
603 925 658 978 gregi
667 925 777 979 praepositi,

46 994 153 1047 significare
168 994 213 1033 mihi
224 993 311 1035 videntur
320 1006 376 1046 reges
386 994 508 1046 Babyloniae,
523 994 601 1035 Persice
615 993 777 1043 et'Ma'cedoniac,

47 1074 128 1115 qnorum
142 1062 267 1102 dominationi
281 1067 320 1101 tam
334 1062 366 1101 din
380 1061 463 1111 subjecti
477 1067 540 1109 erant,
562 1062 624 1102 donec
639 1074 650 1102 a
671 1069 728 1116 gente
742 1065 779 1105 As-

46 1143 126 1171 monaea
139 1129 270 1171 liberarentur.
292 1129 340 1169 Cum
354 1130 373 1169 in
388 1130 515 1180 captivitatem
530 1129 675 1175 abducerentur,
690 1134 709 1170 ct
724 1143 776 1171 com-

45 1201 110 1252 plures
130 1210 192 1239 annos
213 1201 286 1249 postea,
307 1196 471 1238 Nebuchadnezar
485 1201 531 1238 erat
544 1197 670 1249 Babyloniae
682 1211 734 1246 rex,
748 1199 779 1239 cui

46 1280 161 1308 successere
175 1266 328 1312 Evilmerodoch‚
349 1265 466 1317 Neriglissar
486 1270 505 1306 et
518 1266 651 1307 Belschattar.
679 1266 778 1318 Babylone

47 1335 115 1375 deinde
130 1346 141 1374 a
156 1335 205 1384 cyro
221 1338 284 1384 capta,
304 1334 352 1371 haec
368 1331 434 1371 secuta
444 1338 576 1373 est'novorurn
586 1335 693 1385 principum
704 1336 778 1375 series:

46 1405 114 1445 Darius
140 1403 220 1449 Medus,
246 1403 319 1453 (tyrus,
341 1400 456 1455 Cambyses,
476 1403 546 1443 Darius
568 1402 680 1454 Hystaspis,
699 1400 794 1450 Xerxes,-

47 1475 160 1514 Artarerxes
181 1472 320 1524 Longimanus,
344 1471 413 1511 Darius
437 1471 659 1519 Nothus,'Artarerxes
680 1471 778 1518 Mnemon,

48 1542 125 1588 Ochus,
136 1544 221 1593 ³Arogus
237 1544 256 1579 et
269 1540 344 1580 Darius.
372 1540 433 1581 Finita
450 1541 553 1582 Persarum
571 1539 702 1582 dominatione
715 1539 780 1581 Mace·

48 1608 117 1649 dcnica
131 1609 228 1648 successit
241 1608 279 1647 hoc
300 1606 377 1655 ordine:
397 1606 515 1655 Alexander,
531 1608 639 1649 Ptolcmiius
659 1609 727 1655 Soter,
748 1609 780 1659 qui

48 1677 155 1718 Alexandro
169 1681 245 1716 mortno
260 1676 333 1728 primus
346 1675 438 1717 Judaeum
453 1677 563 1729 occupavit,
583 1677 704 1716 Ptolemaeus
718 1675 780 1714 Phila-

48 1745 140 1798 delphus,
150 1746 277 1786 -Ptnlemaeus
287 1746 404 1797 Euergetes,
419 1747 528 1787 Ptolemdns
542 1744 661 1796 Philopator,
672 1745 779 1785 Antiochus

48 1814 128 1867 Magnus
140 1814 288 1863 (Macedonicus
300 1814 367 1865 Syriae
381 1826 419 1860 rex,
436 1814 467 1866 [pri
474 1813 557 1855 iudaeae
573 1813 723 1854 dominationem
736 1810 780 1852 Pto

48 1881 127 1923 lemaeis
142 1879 250 1933 cripuit]‚²
264 1881 358 1923 Seleucus
373 1883 491 1935 Philopator,
512 1886 531 1922 et
545 1882 651 1921 Antiochus
665 1880 779 1931 Epiphanes.

50 1949 108 1998 Quod
123 1952 140 1991 si
155 1954 237 2002 quatuor
249 1949 373 2001 Babylonicis
387 1950 465 2001 regibus
485 1949 575 1989 undecim
588 1950 660 1989 Persae
679 1948 779 1994 addantur,

49 2019 111 2059 ethis
127 2024 171 2059 octo
185 2017 315 2063 Macedones,
330 2028 421 2058 numerus
436 2018 502 2069 viginti
515 2019 572 2057 trium
593 2016 728 2069 complebitur,
747 2016 780 2068 qui

47 2085 166 2126 insecundo
182 2085 248 2125 ordine
263 2085 380 2125 exhibentur.
713 2122 715 2126 Α
754 2093 756 2096 ·

104 2154 181 2195 Tertius
196 2157 252 2206 atque
265 2154 342 2194 ultimus
357 2153 405 2194 ordo
425 2153 527 2194 duodecim
545 2152 676 2194 tantummodo
695 2163 781 2204 compre-

48 2223 119 2269 hendit,
135 2234 208 2275 eosque
223 2235 246 2262 ex
260 2223 301 2275 ipsa
310 2222 427 2262 ludaeorum
442 2226 499 2274 gente
514 2222 611 2263 oriundos.
626 2210 700 2264 Primus
710 2224 780 2264 horum

49 2291 179 2337 lllatthathias,
198 2291 258 2330 Judae
278 2290 389 2331 Maccabaei
407 2291 537 2342 parens,=qui
553 2291 633 2342 patriam
653 2291 780 2332 ab'Antinehi

49 2358 151 2412 Epiphanis
165 2360 264 2410 tyrannide
279 2364 336 2412 atque
345 2360 443 2412 impietate
456 2358 563 2400 vindicarit.
578 2357 608 2399 Dc
623 2369 660 2409 quo
672 2358 779 2410 losephus:

50 2487 197 2496 Qud-a.

94 2569 113 2613 1)
125 2571 140 2605 2.
153 2573 195 2617 neg.
207 2570 265 2605 XXlll.
277 2570 349 2607 30—35.
383 2571 401 2611 2)
413 2569 491 2605 Historiei
503 2569 630 2614 dubitaverunt,
650 2582 671 2606 an
682 2571 779 2614 Antiochus,

50 2628 77 2670 qui
88 2628 169 2664 ludaeam'
179 2629 272 2664 Ptolemaeo
284 2629 372 2673 Epiphans
383 2629 437 2664 adhue
448 2628 512 2662 inlante
524 2630 623 2673 occupavit,
639 2628 743 2671 provinciam
755 2628 779 2660 illi

50 2692 120 2727 uuquam
131 2689 206 2724 cesserit.
218 2688 294 2731 Apparet
303 2698 337 2720 nen
349 2688 423 2730 cessisse.
443 2686 477 2721 Cir.
489 2687 571 2732 Prideaux
583 2685 698 2735 domesticu„
709 2684 747 2720 tot
759 2684 779 2722 lt,

49 2749 65 2783 P·
79 2741 116 2777 150.
132 2747 162 2780 scd
174 2746 216 2780 haec
228 2745 302 2790 quaestio
315 2745 501 2788 nostrumprnpositum
523 2754 557 2787 non
569 2744 632 2788 tangit;
651 2752 689 2777 nam
703 2751 780 2776 numerus
821 2757 823 2760 v

50 2796 92 2831 idem
104 2803 146 2843 erit,
159 2805 174 2836 si
185 2812 216 2846 pro
227 2803 311 2835 Antiocho
322 2804 425 2835 substituitur
436 2802 539 2836 Ptolemaeus
550 2800 656 2844 Epiphanes,
673 2807 690 2834 et
701 2801 779 2844 Syrorum

49 2860 105 2897 regom
117 2857 170 2892 series
182 2868 218 2893 cum
226 2857 295 2895 Seleuco
303 2854 410 2903 Philopatore
417 2859 511 2902 inchoatur,
523 2857 617 2891 indubitato
624 2850 699 2891 Judacae
707 2856 779 2890 dontius.

70 2911 132 2959 Proplt.
623 2919 649 2959 19
