1807 3145
358 192 488 231 Enochi‘liber'.>
660 171 663 177 ι
744 208 783 249 3θί
805 194 807 196 >

55 301 175 358 probandas·v
185 308 205 345 et
224 305 240 346 si
254 306 356 349 interdum
366 310 541 365 fremas,saepius
556 313 674 365 subridebis,
689 329 727 360 nco
741 330 784 362 raro

56 372 179 413 admiraberis
195 375 253 436 etiam
267 378 354 435 vivacem
369 382 469 432 scriptoris
483 382 649 435 imaginationem,
664 388 697 439 qui
711 388 785 441 rapitur

55 442 112 491 longe
126 445 177 481 trans
192 441 313 487 flammantes
328 447 393 488 mundi
408 450 513 490 terminos:
545 457 547 465 '¹

414 536 445 546 ¹—
457 540 486 552 «-
495 524 552 561 extra
563 546 570 552 ψ

110 636 112 640 .
166 580 264 623 Processit
277 584 334 637 longe
348 585 463 628 ilammantia
477 589 555 630 moenia
569 590 647 640 muudi3
702 601 714 622 2'
768 592 782 609 ’·

52 646 151 707 *explicans
172 661 230 701 ornne
245 653 348 692 creationis
363 660 473 702 secretum,
496 658 619 707 splendores·
631 662 683 701 coeli
697 668 723 711 ,et
743 664 785 704 orci

54 721 148 764 terrores,
170 717 266 760 domicilia
286 720 391 762 animarum
410 722 552 772 defunctarum,
574 731 594 767 et
612 728 708 779 myriades
724 735 785 771 nater·

53 797 118 826 varum
134 786 251 834 coelestium,
267 788 373 841 Seraphim,
389 792 491 832 Cherubim
505 799 524 834 et
539 795 642 846 Ophaninr‚
659 798 691 848 qui
706 799 785 850 cingunt
815 798 820 802 ”

54 853 150 893 ardentem
164 854 253 896 thronum
272 865 292 897 et
310 859 409 900 celebrant
428 867 515 902 sanctum
532 875 605 903 nornen
623 865 687 916 magni
706 865 785 906 Domini

53 921 162 973 spirituum,
178 926 329 976 omnipotentem
343 932 416 979 patrem
431 929 530 981 hominum
545 935 564 970 et
578 931 696 982 angelorum.

108 1199 203 1247 Quoniam
218 1197 265 1239 ordo
281 1199 363 1253 capitum
383 1205 403 1241 et
416 1212 506 1243 versuum
520 1202 540 1242 iu
555 1202 630 1244 duobus
644 1205 701 1246 tiss.
721 1206 783 1247 diver-

52 1277 86 1304 sus
106 1271 136 1305 est
155 1271 174 1306 et
194 1268 236 1307 sine
256 1269 337 1307 consilio
360 1272 474 1310 corastitutus
499 1271 583 1317 videtur,
603 1284 681 1323 semper
705 1280 784 1314 secutus

52 1344 94 1371 suna
112 1333 237 1373 Bodleiauum
257 1336 297 1376 itis.
313 1337 381 1376 Notavi
400 1343 465 1378 tamen
479 1339 588 1385 sectiones,
608 1350 654 1389 quas
674 1340 783 1381 Parisiense

51 1398 92 1440 tls.
108 1411 118 1439 a
132 1400 209 1440 Woidio
230 1401 347 1453 descriptum
369 1403 454 1450 exhibet,
477 1404 529 1455 quod
552 1405 636 1443 exactius
657 1408 687 1443 est
707 1406 783 1445 ceteris.

51 1467 176 1509 Bodleiauum
190 1469 232 1510 tls.
247 1475 301 1512 notat
320 1483 353 1511 eas
368 1470 443 1512 duobus
458 1475 530 1512 tautum
544 1472 575 1513 vel
589 1471 650 1512 tribus
664 1473 719 1513 locis.

107 1537 168 1590 Supra
183 1539 293 1586 observavi,
309 1541 394 1581 diversas
408 1540 451 1580 libri
465 1546 529 1592 partes
543 1542 626 1581 fortasse
641 1541 722 1581 diversis
736 1545 784 1581 tenr-

51 1606 129 1657 poribus
145 1608 263 1659 compositas
275 1620 325 1648 esse,
340 1607 453 1648 Addiderim
467 1621 506 1648 non
520 1608 606 1649 diversos
621 1608 680 1648 modo
692 1613 783 1650 tractatus

52 1674 145 1714 sedete
160 1675 241 1713 diversis
257 1676 366 1714 auctoribus
381 1678 501 1726 compositos
519 1689 563 1716 esse
576 1689 642 1727 posse.
671 1676 709 1716 Sex
723 1675 784 1727 prima

52 1741 112 1794 capita
134 1743 232 1783 continent
251 1743 325 1784 Enochi
345 1743 503 1784 benedictionem
516 1743 574 1794 justis
589 1748 608 1783 et
620 1755 703 1796 poenam
716 1755 785 1796 pecca·

51 1811 124 1851 toribus
138 1802 258 1853 nuntiatam.¹
269 1812 314 1863 Gap.
327 1812 365 1853 Vll.
381 1812 433 1853 Sect.
448 1813 469 1853 ll.
485 1812 601 1853 describitur
610 1813 722 1866 angelorum
732 1824 785 1853 corn·

51 1881 144 1920 mercium
165 1893 208 1920 curn
228 1882 328 1921 homiuum
347 1880 431 1929 filiabus,
457 1882 538 1923 elevatio
557 1882 631 1922 llnochi
654 1883 678 1923 ad
700 1883 783 1929 coelum,

51 1947 99 1988 visio
115 1948 261 2000 Omnipotentis.
283 1948 353 1999 legatio
368 1948 392 1987 ad
410 1949 476 1999 lapsos
496 1950 588 1999 angelos,
607 1951 735 1999 peregrinatio
749 1961 785 1999 per

52 2018 133 2064 coelum,
155 2028 221 2057 orcum
241 2021 261 2057 et
278 2017 391 2068 paradisum,
412 2022 431 2057 et
450 2016 541 2056 circuitus
565 2015 631 2055 mundi
652 2016 783 2056 terminorum.

53 2085 131 2138 Singula
145 2086 193 2126 haec
208 2086 330 2126 conliduntur
350 2090 431 2138 quatuor
452 2085 571 2126 sectionibus
586 2089 605 2125 ct
622 2085 700 2137 triginta
720 2084 785 2137 capiti-

51 2153 93 2193 bus.
122 2154 174 2194 Seni.
189 2154 219 2194 vl,
235 2155 279 2205 Cap.
290 2152 378 2194 XXXVll.
392 2154 459 2205 incipit
473 2153 559 2194 secunda
572 2153 628 2200 visio,
644 2164 692 2206 quae
707 2158 784 2193 centurn

52 2227 71 2262 et
84 2227 124 2263 tres
138 2220 239 2275 parabolas
254 2221 344 2274 amplecti
359 2220 434 2261 dicitur.
463 2220 503 2260 Sed
516 2221 584 2261 harum
599 2225 639 2260 tres
653 2220 785 2260 tantummodo

52 2290 170 2338 exhibentur,
193 2292 253 2342 prima
273 2303 284 2331 a
303 2303 344 2343 cap,
358 2289 455 2331 XXXVlll.
477 2290 501 2331 ad
521 2301 561 2341 cap.
580 2289 635 2331 XLV.
655 2291 709 2339 [sect.
730 2289 784 2337 vlt),
844 2295 846 2298 ·

53 2360 138 2401 secunda
153 2372 163 2400 a
179 2361 222 2412 Cap.
238 2359 292 2402 XLV.
308 2360 332 2400 ad
347 2372 386 2411 cap.
401 2358 447 2400 LVI.
463 2360 519 2407 (sect.
530 2355 576 2405 IX),
591 2357 647 2397 tertia
661 2366 672 2396 a
686 2367 726 2409 cap.
737 2356 783 2398 Llll.

53 2427 76 2467 ari
90 2440 130 2480 cap.
145 2427 208 2468 LXIX.
223 2430 280 2476 (sect.
294 2427 343 2475 Xll.)
364 2427 405 2466 lam
420 2439 465 2467 voro
480 2425 576 2477 singulare
592 2424 682 2476 quiddam
695 2426 785 2467 occurrit.

53 2495 118 2548 Capita
132 2495 183 2536 enirn
197 2494 265 2541 LXlll,
280 2493 341 2536 LXV..
355 2493 425 2540 txvl,
440 2498 459 2532 et
471 2493 544 2544 primus
564 2504 632 2533 versus
653 2506 693 2545 cap.
707 2493 784 2541 uxvu,

52 2562 164 2615 interposita
179 2568 233 2611 sunt,
250 2563 398 2615 complectentia
412 2561 507 2603 visionem
521 2560 598 2608 diluvii,
620 2573 660 2602 non
671 2562 694 2602 ab
705 2561 784 2603 Enocho

52 2621 175 2680 praedictam,
192 2630 227 2671 sed
241 2644 252 2671 a
265 2632 344 2672 Noacho
359 2632 401 2683 ipso
416 2631 436 2670 in
450 2631 511 2683 prima
524 2642 608 2682 persona
623 2634 722 2670 narratam.

108 2700 213 2751 Sequentia
228 2701 299 2752 capita,
318 2697 387 2746 Lxrx,
402 2697 457 2739 LXX.
473 2699 532 2749 (sect.
546 2698 592 2746 ΧΗ.)
609 2697 694 2739 breviter
714 2696 785 2739 descri-

52 2763 100 2808 bunt
113 2769 170 2809 aliam
190 2755 285 2809 visionem
299 2768 447 2821 Omnipotentis.
468 2769 512 2819 Gap.
531 2765 594 2806 LXXI.
614 2767 669 2817 (sect.
688 2764 741 2812 Xlll.)
761 2763 785 2804 ad

54 2846 94 2890 cap.
114 2835 202 2879 LXXXll.
226 2839 281 2890 (sect.
299 2837 354 2887 thl.)
376 2837 486 2879 continetur
506 2834 568 2884 „liber
589 2833 613 2878 de
634 2832 784 2876 revolutionibus
