1807 3145
121 229 162 286 ero
405 217 430 270 os
441 241 495 271 inem
506 228 563 275 unes.
594 209 597 211 ’

120 355 205 395 medium
219 351 287 400 scidit,
306 357 386 405 puteum
401 365 492 405 aquarum
506 352 530 392 de
544 365 591 404 rupe
606 352 681 401 eduxit,
700 355 743 394 Deo
758 356 805 395 dixit
819 362 853 405 ste,

122 429 141 465 et
155 423 213 469 stetit,
227 426 325 464 revertere
340 425 359 462 et
372 433 460 464 reuersus
476 424 512 469 est,
528 421 574 474 quin
588 425 607 462 et
622 433 666 462 eum
681 422 710 463 sic
725 419 854 476 compellauit:

120 492 175 531 nisi
189 496 216 531 tu
229 483 433 542 praecesseris,
452 503 500 530 nos
519 490 580 530 hinc
594 503 644 531 non
659 491 782 533 abduces.
803 492 855 535 Olim

120 560 178 611 igitur
188 560 251 598 omnia
260 562 342 608 poterat,
357 558 393 598 sed
402 570 446 597 oum
455 551 526 597 mortis
533 557 593 597 adluit
601 563 725 606 momentum,
740 561 824 610 ipsemet
833 562 856 602 ad

120 638 189 678 preces
201 637 306 667 conversus
315 631 350 673 est,
363 627 478 677 etquehaec
487 637 531 667 vera
541 624 661 665 Salomonici
670 626 709 665 loci
718 625 855 679 interpretatio.

122 695 194 736 lterum
205 694 296 746 scriptum
306 692 402 734 inuenies:
417 692 530 733 omnibus
545 695 583 733 est
598 682 694 746 tempus
710 699 805 734 certum
819 699 855 735 em.

98 758 99 761 ¹
121 764 190 807 Moses
205 776 240 804 suo
255 767 342 814 tempore
363 762 384 801 iu
398 763 506 814 Aegyptum
527 761 628 802 descendit
642 767 662 802 et
675 763 772 803 israelitas
787 763 857 803 libera·

120 833 152 879 vit,
168 843 204 873 suo
220 842 297 885 quoque
307 836 394 881 tempore
407 824 478 869 transtra
488 830 553 870 orarit.
567 830 591 870 lit
604 830 688 870 Moses
702 831 740 871 vir
754 843 855 883 magnus

120 901 196 943 ualde
216 901 242 940 in
263 904 316 939 tota
337 900 465 949 Aegypto,
486 898 538 938 Ecce
559 897 666 944 florentem,
686 904 705 939 et
720 900 806 939 oratio
827 901 856 940 ad

121 969 257 1016 Dominum
271 966 294 1007 in
310 972 425 1018 tempore
439 967 493 1013 boo,
509 977 556 1006 ecce
568 970 659 1006 urentem.
674 981 731 1018 perp-1
743 981 787 1020 mii:
796 968 854 1019 uulgo

121 1038 241 1089 intempore
256 1036 408 1087 interpretantur,
427 1046 521 1086 uerum:
540 1040 624 1074 nonest
643 1035 669 1074 in
689 1035 746 1083 loco,
769 1036 804 1076 sed
819 1036 856 1076 duo

121 1090 221 1156 significat,
237 1104 290 1154 quasi
300 1103 395 1144 voluisset
403 1094 481 1143 Moses:
495 1103 555 1148 Deus,
571 1103 603 1153 qui
618 1104 637 1141 in
649 1098 731 1149 duobus,
747 1105 856 1144 misericor-

121 1173 152 1212 dia
167 1172 243 1212 scilicet
257 1174 275 1208 et
287 1168 459 1219 justitiamunrlum
475 1173 495 1208 et
507 1169 606 1208 homiuem
621 1170 697 1215 creasti,
713 1170 763 1210 sicut
776 1171 853 1222 legitur,

122 1242 223 1282 Creauit
240 1240 360 1278 Dominus
375 1239 441 1277 Deus
456 1237 588 1276 hominem.
609 1238 703 1278 Dominus
718 1239 759 1279 sive
770 1237 804 1289 jah
819 1239 854 1280 mi-

122 1308 247 1352 sericordiam
256 1311 315 1354 notat,
326 1311 347 1347 ut
356 1310 407 1358 patet
422 1306 534 1345 Domine
548 1305 594 1344 Jab
608 1306 675 1346 Deus
690 1307 856 1347 misericors

121 1384 144 1418 et
158 1379 285 1417 clemens.
313 1375 366 1424 Deus
381 1374 456 1414 lllohim
473 1373 577 1423 justitiam
589 1374 671 1421 indicat,
691 1379 712 1414 ut
733 1375 799 1416 uidere
819 1379 856 1421 est,

120 1442 218 1484 lllohim
232 1451 280 1480 non
295 1440 444 1486 maledices,
459 1440 523 1487 idest,
538 1440 643 1480 iudicibus.
659 1441 694 1480 His
705 1442 780 1492 duobus
791 1441 858 1481 orbem

120 1511 174 1551 Deus
188 1510 243 1561 regit,
264 1507 348 1559 ideoque
362 1507 429 1549 Moses
443 1508 485 1548 Deo
508 1507 564 1548 dixit:
588 1509 696 1549 Domine
718 1510 858 1561 potentiam

120 1589 186 1623 turarii
199 1580 224 1618 in
238 1577 298 1617 rubo
314 1576 458 1616 ostendisti
473 1577 524 1622 mibi,
538 1571 665 1626 injuventute
676 1577 757 1624 scilieet,
772 1580 857 1620 nuncin

123 1651 223 1688 senectute
237 1643 317 1696 supplex
330 1644 484 1685 misericordiam
497 1645 574 1696 postulo
589 1657 624 1695 pro
639 1645 710 1696 populo
725 1651 767 1693 tiro,
789 1648 856 1689 ovibus

122 1716 190 1768 pascui
204 1715 237 1760 tui,
252 1717 274 1753 ut
287 1712 325 1752 illis
339 1724 414 1764 parcas.
443 1711 543 1753 Servum
557 1711 640 1751 tuum?
661 1717 682 1750 tu
699 1725 768 1765 nempe
782 1715 857 1768 Regum

122 1785 146 1825 ad
159 1785 220 1824 instar
233 1794 273 1821 nou
295 1793 351 1833 ages,
375 1782 407 1833 qui
428 1779 597 1831 servosrjurenes
618 1784 637 1820 et
651 1780 722 1821 robore
736 1788 856 1834 praestantes

121 1856 200 1898 curent,
222 1850 276 1890 senio
292 1849 392 1888 coniectos
407 1849 517 1900 negligunt,
539 1854 557 1889 at
571 1853 591 1887 tu
605 1849 688 1889 Domine
704 1863 735 1890 me
750 1863 818 1892 senem
833 1857 855 1892 ac
874 1850 876 1856 ‘

120 1918 226 1960 invalidum
249 1929 289 1957 non
312 1917 416 1968 relinques.
454 1916 659 1967 Magnitudinem
679 1921 762 1966 tuam,
787 1920 856 1960 decem

121 1991 224 2040 praecepta
244 1985 293 2037 legis
314 1985 341 2024 ita
361 1989 428 2029 uocat,
455 1982 553 2025 Manum
579 1981 647 2023 tuam
670 1986 765 2027 fortem
789 1988 857 2029 decem

121 2056 193 2108 plagas,
210 2053 278 2106 quibus
289 2045 509 2104 Aegyptumpercussu:
522 2051 570 2099 Quis
585 2057 616 2092 est
629 2053 682 2093 Deus
697 2056 716 2093 in
732 2056 788 2095 coelo
803 2062 823 2097 et
835 2058 856 2097 in

120 2130 171 2163 terra
186 2126 268 2173 (praeter
276 2121 309 2169 te),
323 2125 344 2160 tu
353 2121 437 2161 uniuersi
448 2125 528 2166 creator,
544 2120 599 2169 cujus
613 2121 633 2160 in
647 2121 735 2162 manibus
745 2124 783 2164 uita
795 2136 857 2164 mors-

123 2202 159 2243 que
175 2194 215 2236 est,
231 2189 274 2240 quis
290 2200 348 2240 opera
362 2194 393 2228 tua
408 2189 484 2234 imitari,
500 2188 542 2240 quis
557 2188 688 2228 fortitudinem
702 2190 784 2242 potest?
804 2192 856 2232 Haec
890 2208 892 2211 ’

123 2260 187 2299 omnia
205 2259 273 2300 Moses
292 2256 350 2305 dixit,
372 2269 416 2298 cum
436 2257 454 2298 ei
467 2257 487 2297 in
501 2261 567 2299 moute
581 2257 702 2299 moriendum
716 2258 770 2300 Deus
785 2259 856 2313 siguifi-

122 2332 190 2369 casseu
219 2327 302 2368 Domine
317 2327 377 2367 satius
393 2331 428 2374 est,
443 2325 548 2378 inquiebat,
563 2338 594 2365 me
609 2326 678 2374 virere,
693 2338 738 2367 uam
751 2318 856 2379 peccantes

121 2397 172 2437 lilios
186 2401 231 2436 tuos
247 2395 357 2447 castigabo,
378 2406 458 2446 eosque,
473 2406 498 2432 ne
513 2394 570 2432 alium
584 2398 661 2445 praeter
675 2400 694 2433 te
709 2396 772 2434 Deum
787 2397 855 2443 colant,

122 2465 188 2517 utique
202 2462 293 2508 monebo,
309 2462 354 2513 quin
369 2466 389 2502 et
403 2462 484 2513 gloriam
495 2462 578 2502 nominis
592 2464 620 2502 tui
634 2467 724 2514 posteros
740 2463 821 2510 docebo,
836 2470 857 2505 ut

122 2544 175 2572 mare
196 2531 280 2571 scissum
300 2530 351 2572 viam
369 2529 466 2582 praebuit,
487 2533 508 2569 ut
521 2530 585 2582 legem
599 2529 679 2579 dedisti,
698 2534 719 2570 ut
734 2530 857 2584 quadraginta

123 2602 184 2641 annos
198 2610 280 2641 mannae
295 2597 360 2638 nimbo
375 2610 409 2638 eos
425 2597 503 2644 cibasti,
523 2602 544 2636 ut
562 2609 584 2637 ex
604 2587 670 2658 sdilice
686 2611 754 2651 aquam
766 2599 856 2648 eduxisti,

121 2669 185 2721 itaque
200 2669 217 2709 si
230 2667 295 2719 placet
315 2665 339 2706 ad
356 2666 389 2706 illa
402 2671 431 2707 tot
444 2672 477 2707 tua
490 2666 540 2707 iacta
555 2660 659 2708 enarranda
673 2668 737 2710 uiuere
751 2679 782 2706 me
797 2668 856 2708 sines.

122 2737 157 2776 De.
172 2737 219 2775 nihil
234 2734 340 2781 obtinebis,
356 2735 395 2774 imo
410 2734 522 2782 si'viveres,
536 2735 626 2775 homines
640 2737 660 2774 in
674 2747 761 2775 errorem
775 2735 857 2775 abduce-

121 2816 166 2850 res,
189 2804 222 2856 qui
242 2803 284 2842 sine
303 2802 360 2842 dubie
375 2807 394 2842 te
409 2802 493 2842 numinis
508 2801 552 2842 loeo
567 2801 659 2845 colerent.
688 2802 738 2845 ulos.
753 2807 809 2844 antea
824 2804 856 2844 me

79 2899 81 2901 ·
121 2872 207 2926 probasti
221 2872 241 2913 iu
255 2869 321 2919 ritulo,
337 2882 394 2923 quem
408 2871 505 2924 confregi,
520 2870 576 2924 {nunc
597 2863 644 2914 uero>
658 2883 693 2912 cur
706 2870 792 2914 moriar?
820 2872 855 2913 De.
