1807 3145
110 192 149 230 193
412 185 475 220 Enoebi
486 185 532 220 liber.

142 321 145 335 t
164 300 186 346 4)
202 297 251 349 Spes
266 298 301 339 erit
315 309 393 346 eorum,
409 311 489 351 qnorum
504 300 563 340 eorda
577 299 675 350 trepidant.
705 300 790 347 Omnes,
806 304 838 352 qni

109 369 129 407 in
143 372 193 407 terra
206 367 295 414 habitant,
310 368 441 418 procumbent
457 373 476 408 et
490 380 534 408 eum
548 367 661 415 adorabunt;
677 368 805 415 ,celebrabunt
819 375 838 411 et

110 434 213 475 laudabunt
227 446 279 480 eum,
299 439 317 474 et
331 434 397 474 landes
412 439 482 475 eanent
494 435 567 474 nomini
580 435 656 474 Domini
672 435 776 485 spirituum.

167 504 189 549 5]
204 501 249 542 Ideo
263 501 299 542 fnit
315 502 432 554 [progenitus
447 502 484 551 est]
498 503 574 543 Electus
589 507 609 542 et
618 502 716 548 Ooonltns,
731 514 795 542 eoram
805 501 839 558 eo,

111 575 213 621 antequam
227 570 327 609 creabatur
340 570 422 609 mundus
438 575 531 622 eiusque
547 571 570 611 ad
585 570 661 610 saecula
675 570 801 610 saeculorum.

166 636 189 681 6)
203 634 224 673 in
237 635 289 679 lilius
304 637 412 686 praesentia
423 637 522 685 [exstit't],
537 642 556 688 et
569 637 659 677 revelavit
672 637 743 689 sanetis
753 641 772 675 et
783 635 840 684 justis

111 701 222 752 sapientiam
235 701 313 749 Domini
327 702 445 752 spirituum;⁴
458 714 502 742 nam
517 703 636 743 conservavit
655 707 727 742 sortem
738 703 840 752 justorum,

112 757 155 820 quia
170 767 250 813 oderunt
265 772 284 808 et
297 767 406 818 rejecerunt
420 769 470 809 buno
484 769 587 820 iniquitatis
602 769 705 814 mundum,
721 774 740 810 et
752 762 841 809 'detestati

112 842 157 875 sunt
172 837 235 875 omnia
250 835 291 886 ejus
306 849 363 887 opera
377 838 459 882 etuias,
478 838 498 874 in
512 837 589 875 nomine
603 839 681 876 Domini
694 839 800 888 spirituum.

168 906 190 952 7)
205 904 253 944 Nam
267 905 287 951 in
300 904 351 943 lllins
366 904 443 943 nomine
458 904 591 950 servabuntur7
607 909 626 944 et
639 905 690 952 illius
703 906 790 951 voluntas
804 905 842 950 uita

113 984 180 1012 eorum
200 971 241 1015 erit,
270 971 304 1011 His
319 971 385 1016 diebus
405 971 464 1011 faoies
479 983 545 1022 regum
563 976 625 1017 terrae
640 977 659 1012 et
672 974 789 1023 potentium,
810 973 842 1023 qui

113 1038 204 1080 mundum
219 1037 341 1077 obtinuerunt
355 1050 414 1094 opere
427 1050 517 1092 manuum
533 1050 620 1084 suarum,
642 1038 794 1087 humiliabuntur.

168 1107 191 1154 S)
205 1105 253 1145 Nam
272 1105 302 1144 die
321 1106 419 1151 anxietatis
434 1111 453 1145 et
466 1105 613 1162 perturbationis
628 1105 702 1149 animae
723 1118 790 1153 eorum
803 1118 842 1152 nou

114 1174 249 1220 servabuntur,
268 1173 304 1220 sert
319 1173 390 1222 [erunt]
404 1174 425 1218 in
438 1173 526 1221 manibus
541 1160 619 1218 eorum,
639 1184 687 1223 quos
702 1172 758 1223 elegi.

169 1242 192 1287 9)
206 1240 266 1278 Faeni
280 1241 339 1278 instar
352 1240 373 1277 in
386 1241 461 1290 ignem,
481 1245 500 1278 et
513 1241 564 1286 sieut
576 1240 675 1290 plumbum
688 1240 708 1276 in
726 1252 794 1289 aquam
809 1252 843 1280 eos

114 1303 208 1357 dejiciam.
238 1306 414 1346 concremabuntur
430 1307 450 1345 in
469 1295 686 1361 praesentio'jnstorum
702 1309 721 1350 et
734 1309 844 1356 mergentnr

114 1375 133 1413 in
147 1374 255 1431 praesentia
270 1377 391 1421 sarretorum;
406 1375 472 1425 [neque
488 1360 562 1419 decima
576 1385 643 1412 eorum
656 1384 700 1432 pars
714 1374 824 1424 reperietur.

157 1443 193 1490 ID)
208 1441 248 1481 Sed
262 1441 293 1481 die
307 1454 374 1481 eornm
388 1442 536 1493 perturbationis
551 1441 605 1493 quies
620 1441 656 1481 erit
669 1441 689 1480 in
702 1446 757 1481 terra.

158 1509 229 1556 tl)'ln
242 1508 287 1558 Ejus
305 1498 413 1559 praesentia
432 1508 512 1557 eadent,
535 1520 598 1559 neque
617 1513 728 1562 resurgent,
751 1519 788 1549 neu
803 1507 843 1553 erit,
872 1520 881 1529 ··

115 1576 148 1626 qui
165 1575 227 1627 possit
242 1587 276 1613 eos
295 1575 382 1617 manibus
396 1574 442 1624 ujus
462 1575 548 1626 eripere,
571 1586 645 1625 eosque
667 1574 777 1620 subleuare3
800 1585 844 1612 nam

114 1643 232 1695 denegarunt
241 1643 344 1692 Dominum
359 1629 458 1694 spirituum
473 1634 493 1689 et
503 1641 549 1693 Ejus
563 1636 659 1691 Messium.
681 1641 756 1689 Nomen
767 1641 844 1690 Domini

114 1711 214 1773 spirituum
228 1711 252 1760 sit
264 1710 392 1761 benedictum.

391 1788 454 1838 CAP·
475 1785 571 1833 iturust

126 1914 128 1916 p
172 1851 191 1907 i)
207 1859 304 1912 Sapientia
318 1860 419 1900 effunditur
431 1873 491 1912 aquae
504 1861 568 1905 instar,
584 1865 602 1899 et
615 1856 674 1911 gioria
689 1872 753 1898 eoram
768 1873 791 1911 eo
806 1874 844 1910 non

115 1928 180 1969 deficit
198 1929 217 1966 in
236 1928 301 1978 secula
320 1929 440 1979 seculorum,
466 1940 510 1977 nam
529 1931 598 1985 potens
618 1927 652 1975 ille
671 1928 737 1975 estin
756 1928 844 1974 omnibus

112 1997 197 2048 justitiae
211 1996 297 2046 seeretis.

170 2065 193 2110 2)
209 2062 248 2105 Sed
268 2063 358 2112 iniquitas
378 2064 468 2112 praeterit
489 2063 567 2101 umbrae
589 2063 658 2107 instar,
686 2074 749 2112 neque
769 2062 843 2101 firmam

114 2127 203 2181 possidet
214 2128 328 2177 station-em:
352 2140 397 2167 nam
409 2128 486 2167 Eleetns
506 2131 543 2166 stat
557 2138 622 2168 eoram
635 2116 720 2178 Domino*
737 2128 842 2178 spirituum,

115 2202 135 2237 et
148 2196 212 2236 Gloria
225 2194 272 2246 Ejus
286 2194 342 2247 durat
358 2196 378 2246 in
397 2195 463 2248 serula
476 2183 598 2244 sepulerum,
622 2197 642 2239 et
662 2181 746 2245 potentia
760 2193 805 2244 Ejus
820 2195 843 2248 ab

114 2277 161 2310 aeuo
175 2264 194 2314 in
209 2275 283 2314 aeuum.
663 2251 665 2254 ’

170 2333 192 2380 3)
208 2333 256 2378 Cum
271 2344 294 2372 eo
312 2331 383 2371 habitat
402 2332 479 2381 spiritns
494 2331 598 2381 sapientiae
612 2329 748 2380 intelligibilis,'
768 2330 844 2380 spiritns

115 2399 229 2449 cognitionis
248 2404 268 2444 et
286 2399 392 2449 potentiae,
418 2391 533 2455 et'spiritus
554 2410 633 2447 eurum,
658 2398 690 2448 qui
709 2387 806 2447 durmiunt
825 2398 845 2447 in

112 2465 195 2517 justitia:
212 2464 254 2515 ipse
266 2464 359 2516 judicabit
370 2455 452 2514 ¹osseeuita.
522 2456 524 2460 ’
663 2453 666 2458 ’
703 2453 706 2458 ’

170 2534 193 2585 ,4)
207 2532 274 2583 Neque
293 2522 392 2584 quisquam
412 2534 491 2572 unicum
510 2531 589 2573 verbum
610 2530 668 2571 edere
688 2531 759 2583 poterit
781 2542 845 2570 eoram

114 2601 153 2646 uo,
174 2611 218 2641 nam
232 2592 310 2650 Electus
325 2603 355 2639 est
367 2599 388 2649 in
402 2600 509 2651 praesentia
522 2599 599 2651 Domini
614 2599 725 2655 spirituum
748 2598 772 2647 ad
785 2598 844 2652 ipsius

104 2706 105 2709 ,
114 2667 260 2718 beneplacitum.
401 2659 403 2662 ¹
623 2657 626 2662 ¹
791 2657 794 2663 ’

117 2749 248 2758 .---—----

161 2797 176 2841 1)
191 2795 233 2841 Cap.
246 2796 312 2830 ttulit
324 2798 349 2831 bis
361 2797 436 2840 occurrit
