1758 3137
286 181 313 215 lat.
326 189 373 215 versa
386 190 395 214 a
406 179 454 216 Rich.
466 179 556 231 Laterense.
760 187 783 225 31

70 346 72 351 ,
108 300 175 341 Vll.
203 298 300 344 Narratio,
321 299 341 338 ni
355 299 419 345 fallor,
439 299 470 338 hic
491 298 530 338 loci
545 297 681 350 aliquantulum
694 298 796 355 turbatur.

56 367 185 419 Quamobrem
199 367 267 422 uerba:
287 367 361 420 „inquit
370 368 443 407 Isaias“
458 365 553 417 intmjeci,
568 371 588 406 nt
597 366 671 406 facilius
682 368 784 409 evolvatur.
850 415 851 418 Ἴ

108 435 130 476 V.
146 438 177 474 20.
207 434 326 484 (Lectionem
349 446 395 474 mss.
416 434 522 484 aethiopici
543 433 651 485 ambiguam
671 432 719 489 esseJ
734 441 787 477 notat

55 491 180 551 Laurentius.)
219 556 224 563 μ
737 517 743 520 ·

109 583 131 625 V.
147 586 179 623 24.
208 584 257 634 (Ope
272 582 359 623 arabicae
378 582 453 635 linguae
468 593 547 622 sensum
560 581 636 635 ignotae
650 585 705 624 vocis
716 580 787 628 aethio-

55 656 110 707 picae
124 651 207 703 explicat
220 651 346 700 Laurentius.)

111 722 155 772 Cap.
169 721 199 761 IV.
227 720 249 761 V.
265 723 283 760 5.
311 720 375 761 Verba
394 720 443 760 haec
462 720 552 760 translata
571 725 654 769 tantum,
673 729 694 763 ut
713 726 787 777 opinor,

57 805 79 830 eo
93 789 185 839 tendunt,
200 793 267 827 utres
283 802 340 839 supra
354 794 433 827 naturae
447 789 486 828 uim
500 794 556 839 atque
572 789 658 828 ordinem
667 793 737 830 multas
746 795 788 832 fere

56 858 166 900 efficiendas
182 857 318 898 demonstrent
347 858 374 898 Ex
389 857 456 898 eadem
469 858 556 909 prolecto
571 860 740 911 rationeangelns,
756 863 788 913 qni

59 928 83 967 de
97 926 192 977 portentis
204 926 254 972 dicit,
269 925 341 965 Esdrae
352 927 470 977 praenuntiat
480 928 500 976 (4
509 926 582 967 Esdrae
592 926 633 975 lV):
647 927 790 970 relucescet

57 995 142 1034 subito
158 994 198 1032 sol
213 999 292 1032 noctu
307 998 331 1032 et
343 994 400 1033 luna
414 1000 452 1033 ter
465 994 488 1032 in
504 994 555 1040 die,
578 1006 626 1045 qnae
641 995 748 1046 aetbiopicc
762 998 789 1036 ita

57 1063 157 1113 leguntur:
172 1066 196 1102 et
209 1063 326 1102 lucescet
341 1062 379 1102 sol
394 1062 478 1102 subito
492 1066 578 1109 noctu,
594 1066 619 1102 et
632 1063 690 1103 luna
704 1063 728 1103 in
744 1063 788 1105 die.

111 1130 134 1168 V.
150 1132 168 1169 6.
197 1131 260 1179 Ante
275 1142 313 1169 rne
327 1143 373 1169 non
386 1130 444 1176 fuit,
460 1142 510 1173 nou
525 1130 628 1180 aliquis,
643 1131 685 1169 be.
701 1135 743 1170 ante
757 1144 789 1172 me
823 1149 825 1152 ·

56 1197 90 1236 fuit
99 1196 155 1248 plane
165 1195 236 1235 nullus.
261 1196 340 1248 Negatio
354 1196 435 1248 repetita
450 1195 500 1248 apud
513 1196 617 1248 Aethiopas
632 1208 693 1248 aeque
708 1208 729 1236 ac
740 1197 790 1249 apud

57 1263 143 1303 Graecos
158 1263 230 1303 fortius
240 1267 303 1315 negat.

111 1341 133 1382 V.
149 1343 180 1381 15.
208 1341 237 1380 ut
256 1341 294 1380 sol
313 1342 450 1381 erubescet
467 1342 499 1380 clr.
521 1342 581 1380 lanias
595 1341 659 1391 XXIV,
674 1345 709 1387 23.
736 1343 790 1384 Hanc

58 1410 171 1456 clausulam,
196 1421 244 1461 quae
263 1410 282 1448 in
302 1411 397 1448 hebraicis
415 1410 498 1448 lontibus
518 1413 588 1455 exstat,
613 1420 650 1447 nec
670 1419 739 1459 graeca
753 1420 790 1447 nec

58 1476 163 1529 aethiopica
178 1478 253 1517 exbibet
266 1478 329 1518 versio
344 1480 409 1528 (veter.
422 1477 479 1525 test).

114 1546 136 1586 V.
152 1550 184 1585 21.
213 1547 241 1596 (R.
251 1546 364 1586 Laurentius
374 1550 428 1585 notat
437 1557 516 1584 sensum
526 1545 579 1584 vocis
595 1543 718 1594 aethiopicae,
734 1555 791 1596 quam

59 1625 93 1665 per
108 1614 242 1659 „sectionemr
257 1613 322 1659 uertit,
339 1625 384 1652 esse
399 1612 510 1664 ambiguam.
538 1611 613 1651 Deinde
628 1612 706 1657 fatetur,
722 1622 744 1651 se
754 1623 793 1650 non

60 1681 177 1732 intelligere,
198 1692 246 1731 qnae
261 1680 324 1718 sectio
338 1679 443 1725 indicetur,
464 1684 496 1729 aut
510 1678 566 1728 cnjus
580 1679 630 1717 libri.
665 1677 723 1725 Quod
735 1677 792 1716 nobis

61 1748 129 1787 mirum
143 1746 228 1792 videtur,
250 1758 293 1786 nam
313 1746 354 1786 sine
369 1745 426 1795 dnbio
442 1750 508 1786 auctor
522 1745 641 1796 apocryphus
656 1744 734 1786 celebre
748 1747 795 1787 vati-

62 1816 138 1861 cinium,
153 1815 214 1854 Isaiae
229 1815 273 1865 Cap.
287 1814 322 1860 tu,
338 1817 350 1853 2
364 1812 438 1861 innuit.)

117 1884 161 1933 Gap.
175 1884 197 1924 V.
225 1884 247 1923 V.
263 1887 281 1924 S.
318 1883 383 1937 Voces
397 1883 538 1922 Manassem
557 1887 576 1921 et
594 1881 795 1934 Hierosolymam

61 1950 91 1990 bis
107 1950 198 2002 scriptae,
214 1954 235 1989 ut
249 1949 331 1996 videtur,
346 1949 419 1989 incuria
433 1948 510 1988 librarii.

89 2055 91 2057 ,
118 2018 221 2067 Galel..
236 2018 301 2057 V.25.
317 2021 348 2056 26.
378 2018 415 2055 Glr.
429 2029 469 2067 cap.
479 2015 509 2062 IX,
526 2020 558 2055 20.
573 2021 605 2055 22.
621 2020 653 2055 23.
684 2018 810 2070 Οπιηίἢὴὶὸ,

62 2084 102 2124 1οοί
111 2097 149 2123 non
160 2084 205 2124 satis
216 2083 299 2123 dilucida
309 2088 328 2123 et
336 2084 438 2134 perspicua
448 2089 496 2123 sunt.
526 2082 593 2122 Timeo
606 2083 669 2134 igitur,
685 2096 710 2123 ne
725 2096 735 2124 a
749 2097 795 2125 vero

64 2151 166 2192 uerborum
173 2162 233 2202 scopo
240 2151 338 2202 paululum
346 2145 478 2192 aberraverint.
501 2150 542 2190 Nisi
552 2151 603 2190 enim
612 2151 643 2191 uel
652 2151 735 2191 auctoris
743 2151 796 2192 duris

64 2219 193 2260 locutionibus
208 2219 238 2260 vel
252 2219 323 2258 librarii
336 2208 435 2258 erroribus
450 2230 520 2258 sensus
534 2218 591 2258 luerit
605 2218 747 2270 quodammodo
758 2224 797 2260 tur·
815 2219 816 2222 ’

64 2286 129 2333 batus,
149 2288 244 2339 sequitur,
264 2292 285 2327 nt
303 2287 322 2326 in
339 2287 497 2337 interpretatione
516 2298 560 2327 mea
580 2286 649 2337 cnlpae
669 2278 739 2337 aliquid
757 2300 797 2328 non

65 2355 128 2403 possit
141 2368 181 2394 non
195 2355 280 2393 haerere.
756 2342 758 2347 ’

122 2434 166 2485 Cap.
181 2434 227 2474 Vlll.
255 2433 276 2473 V.
293 2437 323 2473 12.
345 2433 484 2473 'Portione
505 2432 575 2484 ligni.
611 2432 654 2472 Hoc
676 2432 797 2475 admodum
822 2474 823 2477 ,

66 2498 133 2541 mortis
148 2507 167 2542 et
180 2503 240 2542 Isaiae
255 2502 360 2541 ornemini
373 2501 434 2542 nostri
448 2507 535 2552 spectare
549 2501 672 2553 perspicuum
682 2507 717 2543 est.
749 2505 798 2544 Crux

67 2567 129 2615 enim,
152 2581 163 2609 e
183 2580 219 2621 qna
238 2567 390 2619 suspendebatur
407 2568 512 2615 Dominus,
535 2572 555 2608 et
572 2580 635 2615 serra,
658 2581 695 2620 qua
713 2569 798 2613 disseca-

67 2634 122 2676 batur
141 2637 211 2684 lsaias‚
234 2636 300 2677 ambae
319 2642 373 2677 erant
390 2637 446 2688 plane
460 2636 546 2689 ligneae,
566 2635 579 2675 i.
594 2649 611 2676 e.
626 2649 637 2676 e
650 2636 738 2688 portione
752 2640 798 2692 ligni

68 2701 174 2744 fabricatae.
251 2739 252 2742 ,

125 2785 169 2836 Cap.
183 2784 213 2825 Xl.
243 2784 264 2825 V.
280 2788 298 2824 4.
327 2784 363 2824 Hic
378 2784 417 2823 loci
432 2783 480 2824 duae
495 2797 554 2825 voces
569 2791 611 2825 sunt
627 2769 714 2827 deletae..
