1807 3145
366 164 430 198 Enoohi
441 165 488 198 iiber.
751 174 788 209 221

102 278 138 325 25)
153 276 195 317 Hoc
216 281 301 330 tempore
321 278 362 319 dies
383 283 474 332 aequatur
493 281 557 326 noeti,
581 282 607 320 ito
627 287 647 319 ut
666 293 702 319 non
722 294 790 321 novem

64 348 130 388 lrabeat
145 351 220 396 partes,
240 353 258 387 et
273 347 314 386 dies
329 359 398 387 novem
412 353 481 400 portes.

103 414 140 462 ⁶26)
156 413 203 453 Tum
218 415 247 453 sol
262 416 300 454 exit
315 427 337 454 en
351 415 387 453 hac
401 420 466 466 porte,
488 420 507 454 et
521 415 593 455 occidit
606 417 625 455 in
641 417 751 463 occidente,
774 423 792 457 ot

64 494 167 524 conversus
187 482 319 524 adorientem
338 483 458 535 progreditur
477 495 512 535 per
530 485 604 524 tertiam
624 489 699 536 portam
717 485 791 537 triginta

64 552 116 597 dios,
131 550 151 589 in
167 551 267 597 occidente
283 551 374 591 occidens
388 552 408 591 in
421 552 476 592 tertie
490 557 549 603 porto.

104 618 140 662 27)
156 617 199 656 Hoc
214 624 300 669 tempore
315 631 352 657 non
366 624 442 667 superet
456 619 507 658 diem
521 631 555 668 per
564 619 640 669 triginta
655 619 703 666 dies,
719 625 737 659 et
751 620 791 659 dies

63 684 151 724 rnimritur
170 697 205 735 per
224 686 300 737 trIginte
315 679 376 731 dies)
392 685 416 725 ito
438 691 458 725 ut
476 698 513 724 nox
533 685 600 725 decem
621 690 684 738 portes
705 691 791 725 accurate

65 753 143 799 hebeat,
159 758 178 792 et
192 753 233 794 dies
248 758 292 793 octo
307 757 377 804 partes.

104 820 138 868 28)
153 820 203 860 Tum
218 822 247 860 sol
263 823 300 861 enit
314 835 324 861 e
339 822 394 861 tertie
408 826 463 872 pona
483 827 502 861 et
515 821 587 861 occidit
604 821 623 860 in
638 821 691 861 tertio
706 825 759 871 porto
774 821 792 858 iu

63 889 174 936 occidente,
200 894 218 929 et
233 901 338 931 conversus
354 889 377 930 od
392 890 490 936 orientem,
505 889 625 941 progreditur
638 901 673 940 per
688 886 791 927 secundem

62 961 143 1008 portam,
166 958 247 1008 quaein
262 958 347 1001 oriente,
367 969 401 1006 per
415 957 491 1006 triginta
506 956 554 996 dies.

103 1024 140 1071 49)
154 1022 227 1063 Eodem
248 1023 305 1062 modo
327 1023 398 1062 oceidit
421 1023 440 1061 in
460 1023 543 1063 secunde
565 1028 618 1073 porto
640 1024 658 1062 in
681 1020 793 1060 occidentali

63 1091 112 1130 coeii
126 1095 184 1141 parte.

103 1159 140 1205 30)
154 1157 196 1197 Hoc
213 1148 351 1209 tempore'nox
367 1157 425 1197 hehet
440 1157 530 1197 undecim
545 1163 609 1207 partes
628 1162 647 1197 et
662 1158 793 1207 dieoseptem

62 1229 131 1276 portes.

104 1293 139 1338 31)
154 1292 177 1329 Et
191 1292 221 1330 sol
236 1293 273 1329 exit
288 1304 299 1330 e
314 1292 398 1330 secunda
412 1296 471 1341 porto,
488 1297 506 1330 et
522 1292 592 1332 occidit
606 1293 625 1330 in
640 1292 724 1331 secunde
739 1295 794 1341 pona

64 1361 82 1399 in
98 1359 205 1399 occidente.
233 1359 283 1397 Tum
303 1370 408 1399 conversus
423 1359 447 1398 ad
462 1360 554 1398 orientem
573 1372 607 1409 per
621 1361 701 1410 primam
722 1362 795 1408 portem

64 1428 196 1479 progreditur,
217 1427 293 1478 triginta
307 1431 327 1465 ot
339 1438 398 1465 unum
414 1427 469 1467 diem.

53 1538 55 1540 ¹
106 1495 142 1540 32)
157 1493 181 1532 Et
195 1493 267 1531 occidit
279 1494 299 1531 in
315 1493 415 1531 occidente
429 1494 449 1531 in
463 1495 524 1542 prima
537 1498 597 1542 porta⁴

107 1559 142 1606 33)
158 1557 200 1597 Hoe
214 1561 300 1608 tempore
315 1569 353 1596 non
368 1555 446 1607 dupium
460 1557 481 1595 fit
495 1557 538 1595 diei.

106 1626 142 1674 34)
157 1624 265 1664 Duodecim
275 1624 332 1664 hahet
340 1629 404 1675 portes
415 1628 509 1668 accurate,
519 1623 554 1662 sed
563 1623 604 1663 dies
615 1636 648 1662 sex
657 1628 721 1674 partes
731 1623 795 1662 hahet.

106 1695 142 1741 35)
156 1692 180 1733 lu
199 1704 242 1732 curn
257 1692 286 1731 sol
307 1691 330 1731 ed
349 1692 401 1732 initio
421 1704 455 1732 suc
469 1693 506 1731 hoo
521 1692 579 1731 modo
593 1693 689 1743 pervenit,
712 1690 796 1730 soconda

66 1762 107 1797 vioe
124 1761 211 1798 circumit
225 1759 248 1798 ab
262 1759 292 1797 his
306 1759 370 1796 initiis.

109 1829 145 1875 36)
159 1827 179 1866 ln
199 1826 249 1866 illem
268 1830 342 1876 portem
356 1825 460 1877 ingreditur
480 1837 514 1876 per
527 1826 602 1877 triginta
617 1825 668 1870 dies,
693 1830 712 1863 et
727 1825 797 1863 occidit

69 1894 86 1932 in
102 1894 215 1940 occidente,
229 1895 249 1933 in
264 1898 370 1945 conspectu
384 1892 431 1943 ejus.

107 1964 143 2010 37)
157 1961 199 2001 Hoc
218 1966 304 2012 tempore
325 1972 362 1999 non
383 1960 473 1999 mimiitur
491 1970 528 1999 nno
542 1960 641 2009 portione,
667 1964 686 1997 et
706 1958 796 1997 undecim

68 2029 126 2070 hebet
139 2035 209 2080 portes.

109 2098 144 2144 38)
159 2097 206 2134 Dies
220 2108 265 2134 vero
280 2095 338 2134 hehet
352 2099 426 2145 septem
439 2098 509 2144 partes.

107 2164 143 2211 39)
159 2162 208 2202 Tum
223 2161 253 2201 sol
269 2173 373 2201 conversus
385 2159 489 2200 secundom
503 2159 613 2212 ingreditur,
629 2170 677 2210 quae
687 2160 706 2198 in
718 2159 797 2204 oriente,

67 2233 145 2276 portam.

109 2299 144 2346 40)
159 2298 303 2348 Revertiturque
312 2310 347 2349 per
360 2297 408 2337 hoec
421 2308 455 2336 suu
467 2296 520 2336 initia
535 2296 610 2348 triginta
622 2295 674 2340 dies,
696 2294 759 2334 oriens
781 2287 800 2334 et

69 2360 175 2402 occidens(

110 2433 145 2480 41)
161 2431 203 2472 Hoc
217 2436 303 2481 tempore
319 2443 356 2471 non
371 2431 470 2477 minuitur,
491 2434 511 2469 ut
525 2430 593 2469 decem
607 2428 678 2469 hahent
691 2434 765 2480 partes,
781 2434 799 2468 et

70 2495 111 2537 dies
131 2504 174 2538 octo
195 2504 263 2551 partes.
292 2499 316 2538 ut
336 2499 366 2536 sol
385 2499 422 2537 exit
440 2510 450 2535 e
466 2496 550 2536 secundo
564 2496 596 2536 itia
611 2503 674 2547 porte,
697 2502 716 2536 et
730 2495 801 2535 occidit

46 2568 49 2572 ’
70 2562 88 2600 in
105 2565 217 2611 occidente;
241 2565 277 2605 sed
296 2577 401 2606 conversus
416 2564 439 2604 ed
460 2565 553 2604 orientem
573 2566 633 2604 oritur
651 2567 670 2604 in
690 2565 763 2603 oriente
782 2564 801 2601 in

69 2632 125 2668 tertia
145 2637 211 2681 porte,
236 2633 311 2682 triginta
332 2638 352 2671 et
371 2644 430 2670 unum
448 2631 511 2675 diem,
536 2632 628 2670 occidens
648 2634 667 2670 in
686 2633 800 2671 occidentali

71 2695 121 2734 coeli
135 2703 193 2749 perte.
530 2706 533 2708 “

113 2767 148 2814 m)
164 2767 206 2806 Hoc
220 2772 306 2817 tempore
321 2779 359 2806 non
373 2767 471 2814 minuitur,
490 2770 511 2806 ut
525 2778 594 2807 novem
608 2767 676 2809 hebeat
689 2772 763 2819 portes,
784 2771 817 2812 etx
