<?xml version="1.0" encoding="UTF-8"?>
<!DOCTYPE html PUBLIC "-//W3C//DTD XHTML 1.0 Transitional//EN"
    "http://www.w3.org/TR/xhtml1/DTD/xhtml1-transitional.dtd">
<html xmlns="http://www.w3.org/1999/xhtml" xml:lang="en" lang="en">
 <head>
  <title>
</title>
<meta http-equiv="Content-Type" content="text/html;charset=utf-8" />
  <meta name='ocr-system' content='tesseract 3.04.00' />
  <meta name='ocr-capabilities' content='ocr_page ocr_carea ocr_par ocr_line ocrx_word'/>
</head>
<body>
  <div class='ocr_page' id='page_1' title='image "./MN41907ucmf_4_0180.png"; bbox 0 0 1807 3145; ppageno 0'>
   <div class='ocr_carea' id='block_1_1' title="bbox 104 166 564 223">
    <p class='ocr_par' dir='ltr' id='par_1_1' title="bbox 104 166 564 223">
     <span class='ocr_line' id='line_1_1' title="bbox 104 166 564 223; baseline -0.015 -3"><span class='ocrx_word' id='word_1_1' title='bbox 104 166 152 220; x_wconf 25' lang='lat' dir='ltr'>tls*</span> <span class='ocrx_word' id='word_1_2' title='bbox 356 213 358 215; x_wconf 86' lang='grc'><em>,</em></span> <span class='ocrx_word' id='word_1_3' title='bbox 371 178 433 213; x_wconf 78' lang='lat' dir='ltr'>Esrlrao</span> <span class='ocrx_word' id='word_1_4' title='bbox 444 178 486 213; x_wconf 85' lang='lat' dir='ltr'>liber</span> <span class='ocrx_word' id='word_1_5' title='bbox 498 183 564 223; x_wconf 79' lang='lat' dir='ltr'>quartus</span> 
     </span>
    </p>
   </div>
   <div class='ocr_carea' id='block_1_2' title="bbox 46 296 861 2846">
    <p class='ocr_par' dir='ltr' id='par_1_2' title="bbox 46 296 861 2846">
     <span class='ocr_line' id='line_1_2' title="bbox 155 296 830 348; baseline 0.004 -12"><span class='ocrx_word' id='word_1_6' title='bbox 155 298 206 336; x_wconf 85' lang='lat' dir='ltr'>lutor</span> <span class='ocrx_word' id='word_1_7' title='bbox 224 296 328 335; x_wconf 83' lang='lat' dir='ltr'>carronicos</span> <span class='ocrx_word' id='word_1_8' title='bbox 348 296 424 347; x_wconf 89' lang='lat' dir='ltr'>quidem</span> <span class='ocrx_word' id='word_1_9' title='bbox 439 296 526 344; x_wconf 85' lang='lat' dir='ltr'>codices,</span> <span class='ocrx_word' id='word_1_10' title='bbox 553 298 584 347; x_wconf 86' lang='lat' dir='ltr'>qui</span> <span class='ocrx_word' id='word_1_11' title='bbox 603 307 664 348; x_wconf 82' lang='lat' dir='ltr'>nuper</span> <span class='ocrx_word' id='word_1_12' title='bbox 678 309 712 348; x_wconf 91' lang='lat' dir='ltr'>pro</span> <span class='ocrx_word' id='word_1_13' title='bbox 726 297 830 340; x_wconf 73' lang='lat' dir='ltr'>bodleiana</span> 
     </span>
     <span class='ocr_line' id='line_1_3' title="bbox 101 365 830 417; baseline 0.001 -11"><span class='ocrx_word' id='word_1_14' title='bbox 101 365 219 406; x_wconf 73' lang='lat' dir='ltr'>Bibliotheca</span> <span class='ocrx_word' id='word_1_15' title='bbox 234 366 279 405; x_wconf 91' lang='lat' dir='ltr'>emti</span> <span class='ocrx_word' id='word_1_16' title='bbox 294 369 349 411; x_wconf 87' lang='lat' dir='ltr'>sunt,</span> <span class='ocrx_word' id='word_1_17' title='bbox 366 365 476 405; x_wconf 72' lang='lat' dir='ltr'>ladmodum</span> <span class='ocrx_word' id='word_1_18' title='bbox 493 377 582 417; x_wconf 86' lang='lat' dir='ltr'>magnum</span> <span class='ocrx_word' id='word_1_19' title='bbox 597 377 619 405; x_wconf 87' lang='lat' dir='ltr'>ac</span> <span class='ocrx_word' id='word_1_20' title='bbox 633 366 733 416; x_wconf 86' lang='lat' dir='ltr'>pulchrum</span> <span class='ocrx_word' id='word_1_21' title='bbox 748 369 830 408; x_wconf 88' lang='lat' dir='ltr'>occurrit</span> 
     </span>
     <span class='ocr_line' id='line_1_4' title="bbox 101 420 830 483; baseline 0.003 -12"><span class='ocrx_word' id='word_1_22' title='bbox 101 432 250 482; x_wconf 87' lang='lat' dir='ltr'>manusriptum,</span> <span class='ocrx_word' id='word_1_23' title='bbox 274 431 325 482; x_wconf 85' lang='lat' dir='ltr'>quod</span> <span class='ocrx_word' id='word_1_24' title='bbox 339 431 410 472; x_wconf 85' lang='lat' dir='ltr'>Esdrae</span> <span class='ocrx_word' id='word_1_25' title='bbox 424 432 449 474; x_wconf 88' lang='lat' dir='ltr'>lV</span> <span class='ocrx_word' id='word_1_26' title='bbox 463 432 536 476; x_wconf 58' lang='lat' dir='ltr'>librum,</span> <span class='ocrx_word' id='word_1_27' title='bbox 547 433 632 472; x_wconf 87' lang='lat' dir='ltr'>continet</span> <span class='ocrx_word' id='word_1_28' title='bbox 646 420 761 472; x_wconf 65' lang='lat' dir='ltr'>editionibus</span> <span class='ocrx_word' id='word_1_29' title='bbox 776 434 830 483; x_wconf 91' lang='lat' dir='ltr'>prelo</span> 
     </span>
     <span class='ocr_line' id='line_1_5' title="bbox 98 499 831 550; baseline 0.004 -13"><span class='ocrx_word' id='word_1_30' title='bbox 98 499 197 549; x_wconf 15' lang='lat' dir='ltr'>‘expressis</span> <span class='ocrx_word' id='word_1_31' title='bbox 212 504 302 539; x_wconf 84' lang='lat' dir='ltr'>accurate</span> <span class='ocrx_word' id='word_1_32' title='bbox 316 500 470 550; x_wconf 72' lang='lat' dir='ltr'>respondentem.</span> <span class='ocrx_word' id='word_1_33' title='bbox 500 501 548 539; x_wconf 81' lang='lat' dir='ltr'>Cum</span> <span class='ocrx_word' id='word_1_34' title='bbox 562 511 607 541; x_wconf 87' lang='lat' dir='ltr'>vero</span> <span class='ocrx_word' id='word_1_35' title='bbox 628 510 688 538; x_wconf 90' lang='lat' dir='ltr'>annus</span> <span class='ocrx_word' id='word_1_36' title='bbox 702 500 758 540; x_wconf 88' lang='lat' dir='ltr'>lllDX</span> <span class='ocrx_word' id='word_1_37' title='bbox 775 501 831 540; x_wconf 93' lang='lat' dir='ltr'>titulo</span> 
     </span>
     <span class='ocr_line' id='line_1_6' title="bbox 100 567 831 620; baseline 0.003 -16"><span class='ocrx_word' id='word_1_38' title='bbox 100 567 202 616; x_wconf 84' lang='lat' dir='ltr'>inscriptus</span> <span class='ocrx_word' id='word_1_39' title='bbox 218 568 252 613; x_wconf 91' lang='lat' dir='ltr'>sit,</span> <span class='ocrx_word' id='word_1_40' title='bbox 273 568 376 609; x_wconf 84' lang='lat' dir='ltr'>verisimile</span> <span class='ocrx_word' id='word_1_41' title='bbox 392 572 430 613; x_wconf 79' lang='lat' dir='ltr'>est,</span> <span class='ocrx_word' id='word_1_42' title='bbox 458 568 481 607; x_wconf 88' lang='lat' dir='ltr'>ab</span> <span class='ocrx_word' id='word_1_43' title='bbox 496 568 598 620; x_wconf 81' lang='lat' dir='ltr'>exemplari</span> <span class='ocrx_word' id='word_1_44' title='bbox 613 568 661 618; x_wconf 73' lang='lat' dir='ltr'>typis</span> <span class='ocrx_word' id='word_1_45' title='bbox 676 579 768 618; x_wconf 80' lang='lat' dir='ltr'>expresso</span> <span class='ocrx_word' id='word_1_46' title='bbox 782 568 831 606; x_wconf 91' lang='lat' dir='ltr'>illud</span> 
     </span>
     <span class='ocr_line' id='line_1_7' title="bbox 100 632 830 689; baseline 0.005 -16"><span class='ocrx_word' id='word_1_47' title='bbox 100 632 234 685; x_wconf 88' lang='lat' dir='ltr'>transcriptum</span> <span class='ocrx_word' id='word_1_48' title='bbox 254 647 310 681; x_wconf 88' lang='lat' dir='ltr'>esse,</span> <span class='ocrx_word' id='word_1_49' title='bbox 338 640 358 674; x_wconf 92' lang='lat' dir='ltr'>et</span> <span class='ocrx_word' id='word_1_50' title='bbox 377 636 427 675; x_wconf 86' lang='lat' dir='ltr'>hanc</span> <span class='ocrx_word' id='word_1_51' title='bbox 447 636 472 676; x_wconf 89' lang='lat' dir='ltr'>oh</span> <span class='ocrx_word' id='word_1_52' title='bbox 495 648 571 689; x_wconf 77' lang='lat' dir='ltr'>causam</span> <span class='ocrx_word' id='word_1_53' title='bbox 590 640 655 676; x_wconf 88' lang='lat' dir='ltr'>nostra</span> <span class='ocrx_word' id='word_1_54' title='bbox 675 635 699 675; x_wconf 91' lang='lat' dir='ltr'>de</span> <span class='ocrx_word' id='word_1_55' title='bbox 718 636 830 686; x_wconf 82' lang='lat' dir='ltr'>quaestione</span> 
     </span>
     <span class='ocr_line' id='line_1_8' title="bbox 99 702 830 756; baseline 0.004 -16"><span class='ocrx_word' id='word_1_56' title='bbox 99 702 169 741; x_wconf 89' lang='lat' dir='ltr'>nullius</span> <span class='ocrx_word' id='word_1_57' title='bbox 187 702 303 741; x_wconf 78' lang='lat' dir='ltr'>auctoritatis</span> <span class='ocrx_word' id='word_1_58' title='bbox 324 706 358 741; x_wconf 87' lang='lat' dir='ltr'>est.</span> <span class='ocrx_word' id='word_1_59' title='bbox 387 703 408 743; x_wconf 89' lang='lat' dir='ltr'>ln</span> <span class='ocrx_word' id='word_1_60' title='bbox 422 715 460 743; x_wconf 88' lang='grc'>666</span> <span class='ocrx_word' id='word_1_61' title='bbox 476 705 553 756; x_wconf 90' lang='lat' dir='ltr'>quidem</span> <span class='ocrx_word' id='word_1_62' title='bbox 573 704 749 755; x_wconf 87' lang='lat' dir='ltr'>antiquissimorum</span> <span class='ocrx_word' id='word_1_63' title='bbox 768 715 830 744; x_wconf 80' lang='lat' dir='ltr'>exem-</span> 
     </span>
     <span class='ocr_line' id='line_1_9' title="bbox 98 769 830 822; baseline 0.004 -14"><span class='ocrx_word' id='word_1_64' title='bbox 98 769 190 820; x_wconf 89' lang='lat' dir='ltr'>plarium,</span> <span class='ocrx_word' id='word_1_65' title='bbox 216 780 264 821; x_wconf 88' lang='lat' dir='ltr'>qnae</span> <span class='ocrx_word' id='word_1_66' title='bbox 284 769 354 809; x_wconf 87' lang='lat' dir='ltr'>illuseo</span> <span class='ocrx_word' id='word_1_67' title='bbox 368 769 477 821; x_wconf 85' lang='lat' dir='ltr'>Britannico</span> <span class='ocrx_word' id='word_1_68' title='bbox 491 772 557 811; x_wconf 91' lang='lat' dir='ltr'>insunt</span> <span class='ocrx_word' id='word_1_69' title='bbox 575 770 627 821; x_wconf 87' lang='lat' dir='ltr'>(Bibl.</span> <span class='ocrx_word' id='word_1_70' title='bbox 641 771 713 822; x_wconf 82' lang='lat' dir='ltr'>Regiae</span> <span class='ocrx_word' id='word_1_71' title='bbox 727 770 741 810; x_wconf 88' lang='grc' dir='ltr'>Ι.</span> <span class='ocrx_word' id='word_1_72' title='bbox 755 771 776 811; x_wconf 88' lang='grc' dir='ltr'>Ε.</span> <span class='ocrx_word' id='word_1_73' title='bbox 790 770 830 820; x_wconf 86' lang='lat' dir='ltr'>Vll)</span> 
     </span>
     <span class='ocr_line' id='line_1_10' title="bbox 100 836 861 891; baseline 0.003 -15"><span class='ocrx_word' id='word_1_74' title='bbox 100 837 152 877; x_wconf 87' lang='lat' dir='ltr'>idern</span> <span class='ocrx_word' id='word_1_75' title='bbox 166 837 214 877; x_wconf 89' lang='lat' dir='ltr'>liber</span> <span class='ocrx_word' id='word_1_76' title='bbox 228 836 323 891; x_wconf 78' lang='lat' dir='ltr'>inuenitur</span> <span class='ocrx_word' id='word_1_77' title='bbox 342 836 409 876; x_wconf 91' lang='lat' dir='ltr'>eadem</span> <span class='ocrx_word' id='word_1_78' title='bbox 422 838 479 888; x_wconf 87' lang='lat' dir='ltr'>plane</span> <span class='ocrx_word' id='word_1_79' title='bbox 494 840 605 885; x_wconf 88' lang='lat' dir='ltr'>continens,</span> <span class='ocrx_word' id='word_1_80' title='bbox 628 838 662 879; x_wconf 91' lang='lat' dir='ltr'>sed</span> <span class='ocrx_word' id='word_1_81' title='bbox 678 850 721 878; x_wconf 90' lang='lat' dir='ltr'>curn</span> <span class='ocrx_word' id='word_1_82' title='bbox 735 839 831 889; x_wconf 82' lang='lat' dir='ltr'>posterior</span> <span class='ocrx_word' id='word_1_83' title='bbox 860 875 861 878; x_wconf 73' lang='grc'>,</span> 
     </span>
     <span class='ocr_line' id='line_1_11' title="bbox 100 892 830 957; baseline 0.003 -13"><span class='ocrx_word' id='word_1_84' title='bbox 100 905 205 953; x_wconf 86' lang='lat' dir='ltr'>voluminis</span> <span class='ocrx_word' id='word_1_85' title='bbox 216 916 266 954; x_wconf 88' lang='lat' dir='ltr'>pars,</span> <span class='ocrx_word' id='word_1_86' title='bbox 282 915 292 942; x_wconf 85' lang='lat' dir='ltr'>a</span> <span class='ocrx_word' id='word_1_87' title='bbox 301 904 405 943; x_wconf 83' lang='lat' dir='ltr'>recentiori</span> <span class='ocrx_word' id='word_1_88' title='bbox 414 892 471 943; x_wconf 86' lang='lat' dir='ltr'>manu</span> <span class='ocrx_word' id='word_1_89' title='bbox 481 906 567 955; x_wconf 90' lang='lat' dir='ltr'>suppleta</span> <span class='ocrx_word' id='word_1_90' title='bbox 577 910 665 955; x_wconf 86' lang='lat' dir='ltr'>appareat</span> <span class='ocrx_word' id='word_1_91' title='bbox 679 906 765 955; x_wconf 80' lang='lat' dir='ltr'>(‚‚pauea,</span> <span class='ocrx_word' id='word_1_92' title='bbox 782 918 830 957; x_wconf 88' lang='lat' dir='ltr'>quae</span> 
     </span>
     <span class='ocr_line' id='line_1_12' title="bbox 100 971 830 1024; baseline 0.003 -13"><span class='ocrx_word' id='word_1_93' title='bbox 100 971 257 1012; x_wconf 80' lang='lat' dir='ltr'>desiderabantur</span> <span class='ocrx_word' id='word_1_94' title='bbox 268 971 319 1015; x_wconf 87' lang='lat' dir='ltr'>lolia,</span> <span class='ocrx_word' id='word_1_95' title='bbox 333 971 407 1011; x_wconf 90' lang='lat' dir='ltr'>recenti</span> <span class='ocrx_word' id='word_1_96' title='bbox 421 983 478 1012; x_wconf 90' lang='lat' dir='ltr'>manu</span> <span class='ocrx_word' id='word_1_97' title='bbox 488 973 618 1024; x_wconf 85' lang='lat' dir='ltr'>supplentur,“</span> <span class='ocrx_word' id='word_1_98' title='bbox 634 972 703 1023; x_wconf 78' lang='lat' dir='ltr'>Casleii</span> <span class='ocrx_word' id='word_1_99' title='bbox 717 974 777 1023; x_wconf 87' lang='lat' dir='ltr'>catal.)</span> <span class='ocrx_word' id='word_1_100' title='bbox 792 986 830 1013; x_wconf 89' lang='lat' dir='ltr'>nun</span> 
     </span>
     <span class='ocr_line' id='line_1_13' title="bbox 97 1040 436 1091; baseline -0.006 -10"><span class='ocrx_word' id='word_1_101' title='bbox 97 1041 175 1091; x_wconf 86' lang='lat' dir='ltr'>majoris</span> <span class='ocrx_word' id='word_1_102' title='bbox 191 1053 235 1080; x_wconf 88' lang='lat' dir='ltr'>esse</span> <span class='ocrx_word' id='word_1_103' title='bbox 249 1040 324 1081; x_wconf 87' lang='lat' dir='ltr'>videtur</span> <span class='ocrx_word' id='word_1_104' title='bbox 337 1040 436 1080; x_wconf 88' lang='lat' dir='ltr'>momenti.</span> 
     </span>
     <span class='ocr_line' id='line_1_14' title="bbox 104 1108 830 1159; baseline 0.001 -10"><span class='ocrx_word' id='word_1_105' title='bbox 104 1122 110 1130; x_wconf 26' lang='grc' dir='ltr'>Χ</span> <span class='ocrx_word' id='word_1_106' title='bbox 151 1109 243 1150; x_wconf 83' lang='lat' dir='ltr'>Extemis</span> <span class='ocrx_word' id='word_1_107' title='bbox 259 1109 290 1147; x_wconf 92' lang='lat' dir='ltr'>his</span> <span class='ocrx_word' id='word_1_108' title='bbox 309 1108 481 1159; x_wconf 79' lang='lat' dir='ltr'>manuscriptorum</span> <span class='ocrx_word' id='word_1_109' title='bbox 503 1110 620 1149; x_wconf 87' lang='lat' dir='ltr'>testimoniis</span> <span class='ocrx_word' id='word_1_110' title='bbox 643 1111 717 1150; x_wconf 90' lang='lat' dir='ltr'>interna</span> <span class='ocrx_word' id='word_1_111' title='bbox 737 1108 830 1150; x_wconf 86' lang='lat' dir='ltr'>accedunt</span> 
     </span>
     <span class='ocr_line' id='line_1_15' title="bbox 97 1173 830 1227; baseline 0.001 -13"><span class='ocrx_word' id='word_1_112' title='bbox 97 1176 218 1221; x_wconf 88' lang='lat' dir='ltr'>documenta,</span> <span class='ocrx_word' id='word_1_113' title='bbox 234 1187 256 1214; x_wconf 82' lang='lat' dir='ltr'>eu</span> <span class='ocrx_word' id='word_1_114' title='bbox 272 1173 341 1215; x_wconf 92' lang='lat' dir='ltr'>eodem</span> <span class='ocrx_word' id='word_1_115' title='bbox 351 1177 404 1224; x_wconf 81' lang='lat' dir='ltr'>fonte</span> <span class='ocrx_word' id='word_1_116' title='bbox 415 1177 488 1220; x_wconf 82' lang='lat' dir='ltr'>hausta,</span> <span class='ocrx_word' id='word_1_117' title='bbox 505 1189 553 1226; x_wconf 72' lang='lat' dir='ltr'>qliae</span> <span class='ocrx_word' id='word_1_118' title='bbox 567 1177 587 1214; x_wconf 90' lang='lat' dir='ltr'>id</span> <span class='ocrx_word' id='word_1_119' title='bbox 600 1178 664 1227; x_wconf 87' lang='lat' dir='ltr'>ipsum</span> <span class='ocrx_word' id='word_1_120' title='bbox 675 1178 761 1226; x_wconf 89' lang='lat' dir='ltr'>probent,</span> <span class='ocrx_word' id='word_1_121' title='bbox 777 1178 830 1227; x_wconf 90' lang='lat' dir='ltr'>quod</span> 
     </span>
     <span class='ocr_line' id='line_1_16' title="bbox 98 1241 829 1299; baseline -0.001 -16"><span class='ocrx_word' id='word_1_122' title='bbox 98 1241 297 1292; x_wconf 70' lang='lat' dir='ltr'>rte-uuobnssspnnis</span> <span class='ocrx_word' id='word_1_123' title='bbox 318 1242 410 1292; x_wconf 77' lang='lat' dir='ltr'>capitibus</span> <span class='ocrx_word' id='word_1_124' title='bbox 430 1241 525 1299; x_wconf 68' lang='lat' dir='ltr'>altinnavi.</span> <span class='ocrx_word' id='word_1_125' title='bbox 555 1241 640 1282; x_wconf 85' lang='lat' dir='ltr'>Tertium</span> <span class='ocrx_word' id='word_1_126' title='bbox 655 1247 710 1293; x_wconf 86' lang='lat' dir='ltr'>caput</span> <span class='ocrx_word' id='word_1_127' title='bbox 725 1241 829 1283; x_wconf 88' lang='lat' dir='ltr'>editionum</span> 
     </span>
     <span class='ocr_line' id='line_1_17' title="bbox 46 1310 829 1362; baseline -0.001 -12"><span class='ocrx_word' id='word_1_128' title='bbox 46 1335 48 1337; x_wconf 90' lang='lat'><em>-</em></span> <span class='ocrx_word' id='word_1_129' title='bbox 96 1312 147 1362; x_wconf 73' lang='lat' dir='ltr'>typis</span> <span class='ocrx_word' id='word_1_130' title='bbox 162 1322 294 1361; x_wconf 79' lang='lat' dir='ltr'>expressarum</span> <span class='ocrx_word' id='word_1_131' title='bbox 315 1311 343 1349; x_wconf 91' lang='lat' dir='ltr'>sic</span> <span class='ocrx_word' id='word_1_132' title='bbox 363 1310 442 1361; x_wconf 87' lang='lat' dir='ltr'>incipit:</span> <span class='ocrx_word' id='word_1_133' title='bbox 465 1312 534 1356; x_wconf 80' lang='lat' dir='ltr'>„Anno</span> <span class='ocrx_word' id='word_1_134' title='bbox 549 1310 648 1350; x_wconf 86' lang='lat' dir='ltr'>tricesimo</span> <span class='ocrx_word' id='word_1_135' title='bbox 668 1312 733 1350; x_wconf 84' lang='lat' dir='ltr'>ruinae</span> <span class='ocrx_word' id='word_1_136' title='bbox 748 1311 829 1351; x_wconf 89' lang='lat' dir='ltr'>civitatis</span> 
     </span>
     <span class='ocr_line' id='line_1_18' title="bbox 99 1374 829 1427; baseline -0.001 -10"><span class='ocrx_word' id='word_1_137' title='bbox 99 1389 155 1423; x_wconf 74' lang='lat' dir='ltr'>eramv</span> <span class='ocrx_word' id='word_1_138' title='bbox 171 1377 192 1415; x_wconf 95' lang='lat' dir='ltr'>in</span> <span class='ocrx_word' id='word_1_139' title='bbox 205 1374 330 1427; x_wconf 77' lang='lat' dir='ltr'>Babylono;‘⁴</span> <span class='ocrx_word' id='word_1_140' title='bbox 355 1377 419 1415; x_wconf 86' lang='lat' dir='ltr'>omnia</span> <span class='ocrx_word' id='word_1_141' title='bbox 432 1377 561 1427; x_wconf 84' lang='lat' dir='ltr'>manuscripta</span> <span class='ocrx_word' id='word_1_142' title='bbox 577 1377 619 1415; x_wconf 85' lang='lat' dir='ltr'>sic:</span> <span class='ocrx_word' id='word_1_143' title='bbox 642 1378 710 1422; x_wconf 81' lang='lat' dir='ltr'>„Anno</span> <span class='ocrx_word' id='word_1_144' title='bbox 729 1377 829 1426; x_wconf 88' lang='lat' dir='ltr'>tricesimo</span> 
     </span>
     <span class='ocr_line' id='line_1_19' title="bbox 95 1433 829 1496; baseline 0.003 -14"><span class='ocrx_word' id='word_1_145' title='bbox 95 1433 162 1483; x_wconf 87' lang='lat' dir='ltr'>ruinae</span> <span class='ocrx_word' id='word_1_146' title='bbox 181 1444 263 1491; x_wconf 85' lang='lat' dir='ltr'>civitatis</span> <span class='ocrx_word' id='word_1_147' title='bbox 283 1454 335 1484; x_wconf 87' lang='lat' dir='ltr'>eram</span> <span class='ocrx_word' id='word_1_148' title='bbox 353 1443 373 1482; x_wconf 92' lang='lat' dir='ltr'>in</span> <span class='ocrx_word' id='word_1_149' title='bbox 386 1442 494 1494; x_wconf 79' lang='lat' dir='ltr'>Babylone,</span> <span class='ocrx_word' id='word_1_150' title='bbox 519 1454 565 1494; x_wconf 81' lang='lat' dir='ltr'>ego</span> <span class='ocrx_word' id='word_1_151' title='bbox 585 1443 719 1491; x_wconf 76' lang='lat' dir='ltr'>salathiel,</span> <span class='ocrx_word' id='word_1_152' title='bbox 744 1445 786 1496; x_wconf 86' lang='lat' dir='ltr'>qni</span> <span class='ocrx_word' id='word_1_153' title='bbox 806 1449 829 1484; x_wconf 92' lang='lat' dir='ltr'>et</span> 
     </span>
     <span class='ocr_line' id='line_1_20' title="bbox 94 1508 829 1563; baseline -0.001 -12"><span class='ocrx_word' id='word_1_154' title='bbox 94 1511 204 1551; x_wconf 53' lang='lat' dir='ltr'>usdrusu</span> <span class='ocrx_word' id='word_1_155' title='bbox 225 1510 326 1563; x_wconf 84' lang='lat' dir='ltr'>Jamvero</span> <span class='ocrx_word' id='word_1_156' title='bbox 342 1508 389 1550; x_wconf 86' lang='lat' dir='ltr'>cum</span> <span class='ocrx_word' id='word_1_157' title='bbox 399 1511 545 1561; x_wconf 87' lang='lat' dir='ltr'>transscriptor,</span> <span class='ocrx_word' id='word_1_158' title='bbox 561 1509 638 1561; x_wconf 88' lang='lat' dir='ltr'>acujus</span> <span class='ocrx_word' id='word_1_159' title='bbox 654 1508 756 1563; x_wconf 74' lang='lat' dir='ltr'>eiemplari</span> <span class='ocrx_word' id='word_1_160' title='bbox 769 1511 829 1563; x_wconf 87' lang='lat' dir='ltr'>prima</span> 
     </span>
     <span class='ocr_line' id='line_1_21' title="bbox 96 1565 830 1629; baseline -0.001 -11"><span class='ocrx_word' id='word_1_161' title='bbox 96 1579 161 1620; x_wconf 84' lang='lat' dir='ltr'>Fausti</span> <span class='ocrx_word' id='word_1_162' title='bbox 176 1581 195 1618; x_wconf 90' lang='lat' dir='ltr'>et</span> <span class='ocrx_word' id='word_1_163' title='bbox 210 1575 318 1619; x_wconf 85' lang='lat' dir='ltr'>Schoefferi</span> <span class='ocrx_word' id='word_1_164' title='bbox 332 1577 390 1618; x_wconf 89' lang='lat' dir='ltr'>editio</span> <span class='ocrx_word' id='word_1_165' title='bbox 408 1578 494 1629; x_wconf 85' lang='lat' dir='ltr'>profecta</span> <span class='ocrx_word' id='word_1_166' title='bbox 509 1583 548 1625; x_wconf 86' lang='lat' dir='ltr'>est,</span> <span class='ocrx_word' id='word_1_167' title='bbox 575 1578 634 1620; x_wconf 86' lang='lat' dir='ltr'>rerba</span> <span class='ocrx_word' id='word_1_168' title='bbox 647 1565 680 1619; x_wconf 92' lang='lat' dir='ltr'>illa</span> <span class='ocrx_word' id='word_1_169' title='bbox 693 1579 772 1620; x_wconf 91' lang='lat' dir='ltr'>tertio</span> <span class='ocrx_word' id='word_1_170' title='bbox 791 1590 830 1618; x_wconf 94' lang='lat' dir='ltr'>non</span> 
     </span>
     <span class='ocr_line' id='line_1_22' title="bbox 96 1642 831 1696; baseline -0.003 -12"><span class='ocrx_word' id='word_1_171' title='bbox 96 1646 175 1695; x_wconf 84' lang='lat' dir='ltr'>primo</span> <span class='ocrx_word' id='word_1_172' title='bbox 196 1644 240 1695; x_wconf 81' lang='lat' dir='ltr'>libri</span> <span class='ocrx_word' id='word_1_173' title='bbox 260 1644 317 1694; x_wconf 85' lang='lat' dir='ltr'>capiti</span> <span class='ocrx_word' id='word_1_174' title='bbox 337 1642 458 1694; x_wconf 83' lang='lat' dir='ltr'>praefixerit,</span> <span class='ocrx_word' id='word_1_175' title='bbox 482 1656 541 1685; x_wconf 87' lang='lat' dir='ltr'>voces</span> <span class='ocrx_word' id='word_1_176' title='bbox 562 1656 605 1696; x_wconf 84' lang='lat' dir='ltr'>ego</span> <span class='ocrx_word' id='word_1_177' title='bbox 627 1643 762 1691; x_wconf 84' lang='lat' dir='ltr'>N&#39;alathiel,</span> <span class='ocrx_word' id='word_1_178' title='bbox 788 1643 831 1695; x_wconf 87' lang='lat' dir='ltr'>qui</span> 
     </span>
     <span class='ocr_line' id='line_1_23' title="bbox 97 1711 831 1764; baseline -0.001 -12"><span class='ocrx_word' id='word_1_179' title='bbox 97 1717 121 1752; x_wconf 88' lang='lat' dir='ltr'>et</span> <span class='ocrx_word' id='word_1_180' title='bbox 134 1711 246 1758; x_wconf 82' lang='lat' dir='ltr'>Esdras,“</span> <span class='ocrx_word' id='word_1_181' title='bbox 261 1716 282 1752; x_wconf 93' lang='lat' dir='ltr'>ut</span> <span class='ocrx_word' id='word_1_182' title='bbox 296 1711 404 1763; x_wconf 84' lang='lat' dir='ltr'>superfluae</span> <span class='ocrx_word' id='word_1_183' title='bbox 418 1723 533 1764; x_wconf 86' lang='lat' dir='ltr'>suppressae</span> <span class='ocrx_word' id='word_1_184' title='bbox 548 1724 593 1752; x_wconf 91' lang='lat' dir='ltr'>esse</span> <span class='ocrx_word' id='word_1_185' title='bbox 605 1712 699 1758; x_wconf 86' lang='lat' dir='ltr'>videntur,</span> <span class='ocrx_word' id='word_1_186' title='bbox 715 1724 763 1764; x_wconf 84' lang='lat' dir='ltr'>quae</span> <span class='ocrx_word' id='word_1_187' title='bbox 779 1714 831 1751; x_wconf 85' lang='lat' dir='ltr'>certe</span> 
     </span>
     <span class='ocr_line' id='line_1_24' title="bbox 97 1775 832 1833; baseline -0.003 -12"><span class='ocrx_word' id='word_1_188' title='bbox 97 1783 117 1821; x_wconf 92' lang='lat' dir='ltr'>in</span> <span class='ocrx_word' id='word_1_189' title='bbox 132 1781 220 1821; x_wconf 87' lang='lat' dir='ltr'>omnihus</span> <span class='ocrx_word' id='word_1_190' title='bbox 241 1781 356 1821; x_wconf 88' lang='lat' dir='ltr'>editionibus</span> <span class='ocrx_word' id='word_1_191' title='bbox 374 1781 425 1833; x_wconf 75' lang='lat' dir='ltr'>typis</span> <span class='ocrx_word' id='word_1_192' title='bbox 444 1781 540 1831; x_wconf 83' lang='lat' dir='ltr'>expressis</span> <span class='ocrx_word' id='word_1_193' title='bbox 561 1775 690 1820; x_wconf 57' lang='lat' dir='ltr'>omittamus*</span> <span class='ocrx_word' id='word_1_194' title='bbox 706 1781 746 1821; x_wconf 88' lang='lat' dir='ltr'>Sed</span> <span class='ocrx_word' id='word_1_195' title='bbox 765 1791 832 1820; x_wconf 89' lang='lat' dir='ltr'>revera</span> 
     </span>
     <span class='ocr_line' id='line_1_25' title="bbox 100 1842 832 1903; baseline -0.003 -16"><span class='ocrx_word' id='word_1_196' title='bbox 100 1851 162 1888; x_wconf 90' lang='lat' dir='ltr'>omnis</span> <span class='ocrx_word' id='word_1_197' title='bbox 173 1849 253 1886; x_wconf 87' lang='lat' dir='ltr'>duorum</span> <span class='ocrx_word' id='word_1_198' title='bbox 268 1850 372 1898; x_wconf 75' lang='lat' dir='ltr'>primorum</span> <span class='ocrx_word' id='word_1_199' title='bbox 383 1860 405 1887; x_wconf 88' lang='lat' dir='ltr'>ao</span> <span class='ocrx_word' id='word_1_200' title='bbox 420 1848 502 1886; x_wconf 88' lang='lat' dir='ltr'>duorum</span> <span class='ocrx_word' id='word_1_201' title='bbox 512 1849 622 1887; x_wconf 87' lang='lat' dir='ltr'>ultimorum</span> <span class='ocrx_word' id='word_1_202' title='bbox 637 1849 719 1899; x_wconf 87' lang='lat' dir='ltr'>capitum</span> <span class='ocrx_word' id='word_1_203' title='bbox 731 1842 832 1903; x_wconf 82' lang='lat' dir='ltr'>contextus</span> 
     </span>
     <span class='ocr_line' id='line_1_26' title="bbox 101 1913 832 1967; baseline -0.007 -11"><span class='ocrx_word' id='word_1_204' title='bbox 101 1916 189 1961; x_wconf 89' lang='lat' dir='ltr'>ostendit,</span> <span class='ocrx_word' id='word_1_205' title='bbox 197 1915 276 1958; x_wconf 66' lang='lat' dir='ltr'>‚nullam</span> <span class='ocrx_word' id='word_1_206' title='bbox 283 1915 331 1965; x_wconf 92' lang='lat' dir='ltr'>ipsis</span> <span class='ocrx_word' id='word_1_207' title='bbox 343 1914 482 1954; x_wconf 87' lang='lat' dir='ltr'>commercium</span> <span class='ocrx_word' id='word_1_208' title='bbox 490 1927 538 1967; x_wconf 14' lang='lat' dir='ltr'>*esse</span> <span class='ocrx_word' id='word_1_209' title='bbox 548 1927 592 1954; x_wconf 90' lang='lat' dir='ltr'>cum</span> <span class='ocrx_word' id='word_1_210' title='bbox 601 1915 719 1966; x_wconf 87' lang='lat' dir='ltr'>interpositis</span> <span class='ocrx_word' id='word_1_211' title='bbox 732 1913 832 1965; x_wconf 82' lang='lat' dir='ltr'>capitibus,</span> 
     </span>
     <span class='ocr_line' id='line_1_27' title="bbox 63 1981 850 2038; baseline -0.001 -16"><span class='ocrx_word' id='word_1_212' title='bbox 63 1994 64 1997; x_wconf 48' lang='lat'>¹</span> <span class='ocrx_word' id='word_1_213' title='bbox 101 1995 161 2036; x_wconf 87' lang='lat' dir='ltr'>quae,</span> <span class='ocrx_word' id='word_1_214' title='bbox 185 1983 235 2022; x_wconf 92' lang='lat' dir='ltr'>sicut</span> <span class='ocrx_word' id='word_1_215' title='bbox 252 1983 271 2022; x_wconf 93' lang='lat' dir='ltr'>in</span> <span class='ocrx_word' id='word_1_216' title='bbox 291 1983 397 2034; x_wconf 88' lang='lat' dir='ltr'>aethiopica</span> <span class='ocrx_word' id='word_1_217' title='bbox 414 1986 434 2031; x_wconf 85' lang='lat' dir='ltr'>et</span> <span class='ocrx_word' id='word_1_218' title='bbox 452 1982 527 2022; x_wconf 86' lang='lat' dir='ltr'>arabica</span> <span class='ocrx_word' id='word_1_219' title='bbox 547 1983 648 2028; x_wconf 89' lang='lat' dir='ltr'>versione,</span> <span class='ocrx_word' id='word_1_220' title='bbox 675 1994 709 2034; x_wconf 91' lang='lat' dir='ltr'>per</span> <span class='ocrx_word' id='word_1_221' title='bbox 728 1993 749 2021; x_wconf 92' lang='lat' dir='ltr'>se</span> <span class='ocrx_word' id='word_1_222' title='bbox 764 1981 850 2038; x_wconf 68' lang='lat' dir='ltr'>librum,</span> 
     </span>
     <span class='ocr_line' id='line_1_28' title="bbox 103 2040 817 2092; baseline -0.01 0"><span class='ocrx_word' id='word_1_223' title='bbox 103 2054 226 2092; x_wconf 87' lang='lat' dir='ltr'>constituunt.</span> <span class='ocrx_word' id='word_1_224' title='bbox 354 2040 356 2043; x_wconf 39' lang='lat'>¹</span> <span class='ocrx_word' id='word_1_225' title='bbox 814 2046 817 2049; x_wconf 80' lang='grc'>’</span> 
     </span>
     <span class='ocr_line' id='line_1_29' title="bbox 90 2117 835 2168; baseline 0 -11"><span class='ocrx_word' id='word_1_226' title='bbox 90 2165 92 2168; x_wconf 86' lang='lat'>.</span> <span class='ocrx_word' id='word_1_227' title='bbox 159 2119 216 2168; x_wconf 83' lang='lat' dir='ltr'>Quod</span> <span class='ocrx_word' id='word_1_228' title='bbox 238 2118 324 2157; x_wconf 87' lang='lat' dir='ltr'>seeundo</span> <span class='ocrx_word' id='word_1_229' title='bbox 338 2118 447 2163; x_wconf 19' lang='lat' dir='ltr'>locondixi,</span> <span class='ocrx_word' id='word_1_230' title='bbox 472 2117 548 2157; x_wconf 89' lang='lat' dir='ltr'>scilieet</span> <span class='ocrx_word' id='word_1_231' title='bbox 562 2129 594 2163; x_wconf 89' lang='lat' dir='ltr'>ea,</span> <span class='ocrx_word' id='word_1_232' title='bbox 619 2128 667 2168; x_wconf 87' lang='lat' dir='ltr'>quae</span> <span class='ocrx_word' id='word_1_233' title='bbox 688 2120 757 2156; x_wconf 83' lang='lat' dir='ltr'>sexto</span> <span class='ocrx_word' id='word_1_234' title='bbox 778 2118 835 2168; x_wconf 88' lang='lat' dir='ltr'>capiti</span> 
     </span>
     <span class='ocr_line' id='line_1_30' title="bbox 105 2184 835 2240; baseline -0.008 -10"><span class='ocrx_word' id='word_1_235' title='bbox 105 2189 128 2230; x_wconf 88' lang='lat' dir='ltr'>ab</span> <span class='ocrx_word' id='word_1_236' title='bbox 143 2188 237 2240; x_wconf 80' lang='lat' dir='ltr'>Aethiope</span> <span class='ocrx_word' id='word_1_237' title='bbox 252 2192 271 2227; x_wconf 88' lang='lat' dir='ltr'>et</span> <span class='ocrx_word' id='word_1_238' title='bbox 285 2186 348 2226; x_wconf 77' lang='lat' dir='ltr'>Arabe</span> <span class='ocrx_word' id='word_1_239' title='bbox 361 2186 481 2231; x_wconf 87' lang='lat' dir='ltr'>inseruntur,</span> <span class='ocrx_word' id='word_1_240' title='bbox 502 2184 603 2236; x_wconf 85' lang='lat' dir='ltr'>aliquando</span> <span class='ocrx_word' id='word_1_241' title='bbox 618 2186 708 2225; x_wconf 64' lang='lat' dir='ltr'>etiam‘in</span> <span class='ocrx_word' id='word_1_242' title='bbox 722 2185 780 2224; x_wconf 84' lang='lat' dir='ltr'>latina</span> <span class='ocrx_word' id='word_1_243' title='bbox 794 2197 835 2225; x_wconf 85' lang='lat' dir='ltr'>ver-</span> 
     </span>
     <span class='ocr_line' id='line_1_31' title="bbox 105 2251 836 2300; baseline -0.012 -1"><span class='ocrx_word' id='word_1_244' title='bbox 105 2259 161 2299; x_wconf 86' lang='lat' dir='ltr'>sione</span> <span class='ocrx_word' id='word_1_245' title='bbox 177 2257 296 2300; x_wconf 85' lang='lat' dir='ltr'>occurrisse,</span> <span class='ocrx_word' id='word_1_246' title='bbox 320 2265 359 2293; x_wconf 91' lang='lat' dir='ltr'>non</span> <span class='ocrx_word' id='word_1_247' title='bbox 373 2257 412 2293; x_wconf 86' lang='lat' dir='ltr'>tam</span> <span class='ocrx_word' id='word_1_248' title='bbox 425 2252 481 2292; x_wconf 85' lang='lat' dir='ltr'>facile</span> <span class='ocrx_word' id='word_1_249' title='bbox 500 2255 530 2291; x_wconf 87' lang='lat' dir='ltr'>esi</span> <span class='ocrx_word' id='word_1_250' title='bbox 549 2251 690 2300; x_wconf 85' lang='lat' dir='ltr'>demonstratu,</span> <span class='ocrx_word' id='word_1_251' title='bbox 714 2264 753 2292; x_wconf 91' lang='lat' dir='ltr'>uno</span> <span class='ocrx_word' id='word_1_252' title='bbox 771 2256 836 2292; x_wconf 86' lang='lat' dir='ltr'>tamen</span> 
     </span>
     <span class='ocr_line' id='line_1_32' title="bbox 105 2316 836 2375; baseline -0.011 -8"><span class='ocrx_word' id='word_1_253' title='bbox 105 2327 177 2367; x_wconf 89' lang='lat' dir='ltr'>indicio</span> <span class='ocrx_word' id='word_1_254' title='bbox 197 2326 254 2367; x_wconf 90' lang='lat' dir='ltr'>etiam</span> <span class='ocrx_word' id='word_1_255' title='bbox 272 2324 320 2363; x_wconf 89' lang='lat' dir='ltr'>haec</span> <span class='ocrx_word' id='word_1_256' title='bbox 340 2321 426 2375; x_wconf 87' lang='lat' dir='ltr'>quaestio</span> <span class='ocrx_word' id='word_1_257' title='bbox 449 2320 535 2360; x_wconf 84' lang='lat' dir='ltr'>extricari</span> <span class='ocrx_word' id='word_1_258' title='bbox 557 2316 616 2370; x_wconf 88' lang='lat' dir='ltr'>posse</span> <span class='ocrx_word' id='word_1_259' title='bbox 638 2319 718 2361; x_wconf 87' lang='lat' dir='ltr'>videtur.</span> <span class='ocrx_word' id='word_1_260' title='bbox 752 2320 836 2369; x_wconf 83' lang='lat' dir='ltr'>Quartus</span> 
     </span>
     <span class='ocr_line' id='line_1_33' title="bbox 106 2387 837 2443; baseline -0.012 -7"><span class='ocrx_word' id='word_1_261' title='bbox 106 2396 177 2436; x_wconf 76' lang='lat' dir='ltr'>usurae</span> <span class='ocrx_word' id='word_1_262' title='bbox 191 2393 241 2433; x_wconf 84' lang='lat' dir='ltr'>liber</span> <span class='ocrx_word' id='word_1_263' title='bbox 255 2392 319 2443; x_wconf 82' lang='lat' dir='ltr'>magni</span> <span class='ocrx_word' id='word_1_264' title='bbox 333 2390 456 2436; x_wconf 76' lang='lat' dir='ltr'>estimabatur</span> <span class='ocrx_word' id='word_1_265' title='bbox 475 2388 498 2427; x_wconf 86' lang='lat' dir='ltr'>ab</span> <span class='ocrx_word' id='word_1_266' title='bbox 512 2387 652 2434; x_wconf 79' lang='lat' dir='ltr'>Ambrosi03</span> <span class='ocrx_word' id='word_1_267' title='bbox 678 2389 710 2439; x_wconf 87' lang='lat' dir='ltr'>qui</span> <span class='ocrx_word' id='word_1_268' title='bbox 723 2388 743 2426; x_wconf 93' lang='lat' dir='ltr'>in</span> <span class='ocrx_word' id='word_1_269' title='bbox 756 2392 837 2428; x_wconf 85' lang='lat' dir='ltr'>tractatu</span> 
     </span>
     <span class='ocr_line' id='line_1_34' title="bbox 108 2455 837 2503; baseline -0.011 -1"><span class='ocrx_word' id='word_1_270' title='bbox 108 2474 144 2503; x_wconf 88' lang='lat' dir='ltr'>suo</span> <span class='ocrx_word' id='word_1_271' title='bbox 158 2463 191 2502; x_wconf 89' lang='lat' dir='ltr'>De</span> <span class='ocrx_word' id='word_1_272' title='bbox 209 2460 275 2500; x_wconf 88' lang='lat' dir='ltr'>Bono</span> <span class='ocrx_word' id='word_1_273' title='bbox 294 2459 316 2502; x_wconf 88' lang='lat' dir='ltr'><strong>M</strong></span> <span class='ocrx_word' id='word_1_274' title='bbox 321 2459 384 2499; x_wconf 85' lang='lat' dir='ltr'>ortis</span> <span class='ocrx_word' id='word_1_275' title='bbox 405 2457 476 2497; x_wconf 94' lang='lat' dir='ltr'>multos</span> <span class='ocrx_word' id='word_1_276' title='bbox 492 2467 514 2496; x_wconf 85' lang='lat' dir='ltr'>ex</span> <span class='ocrx_word' id='word_1_277' title='bbox 528 2467 552 2495; x_wconf 88' lang='lat' dir='ltr'>eo</span> <span class='ocrx_word' id='word_1_278' title='bbox 566 2455 621 2495; x_wconf 90' lang='lat' dir='ltr'>locos</span> <span class='ocrx_word' id='word_1_279' title='bbox 636 2455 713 2495; x_wconf 90' lang='lat' dir='ltr'>adducit</span> <span class='ocrx_word' id='word_1_280' title='bbox 727 2455 751 2495; x_wconf 90' lang='lat' dir='ltr'>ad</span> <span class='ocrx_word' id='word_1_281' title='bbox 765 2455 837 2495; x_wconf 89' lang='lat' dir='ltr'>descri-</span> 
     </span>
     <span class='ocr_line' id='line_1_35' title="bbox 108 2523 838 2570; baseline -0.011 -1"><span class='ocrx_word' id='word_1_282' title='bbox 108 2530 191 2570; x_wconf 89' lang='lat' dir='ltr'>bendum</span> <span class='ocrx_word' id='word_1_283' title='bbox 208 2528 291 2567; x_wconf 84' lang='lat' dir='ltr'>futurum</span> <span class='ocrx_word' id='word_1_284' title='bbox 312 2527 416 2567; x_wconf 84' lang='lat' dir='ltr'>animarum</span> <span class='ocrx_word' id='word_1_285' title='bbox 436 2525 568 2564; x_wconf 81' lang='lat' dir='ltr'>defunctarum</span> <span class='ocrx_word' id='word_1_286' title='bbox 586 2527 660 2563; x_wconf 87' lang='lat' dir='ltr'>statum.</span> <span class='ocrx_word' id='word_1_287' title='bbox 688 2523 731 2563; x_wconf 87' lang='lat' dir='ltr'>Jam</span> <span class='ocrx_word' id='word_1_288' title='bbox 744 2523 838 2568; x_wconf 85' lang='lat' dir='ltr'>veroubi</span> 
     </span>
     <span class='ocr_line' id='line_1_36' title="bbox 110 2590 838 2648; baseline -0.011 -12"><span class='ocrx_word' id='word_1_289' title='bbox 110 2597 249 2644; x_wconf 82' lang='lat' dir='ltr'>conditionem,</span> <span class='ocrx_word' id='word_1_290' title='bbox 273 2607 321 2646; x_wconf 85' lang='lat' dir='ltr'>quae</span> <span class='ocrx_word' id='word_1_291' title='bbox 333 2594 396 2643; x_wconf 86' lang='lat' dir='ltr'>justos</span> <span class='ocrx_word' id='word_1_292' title='bbox 410 2597 456 2644; x_wconf 88' lang='lat' dir='ltr'>post</span> <span class='ocrx_word' id='word_1_293' title='bbox 469 2595 552 2631; x_wconf 88' lang='lat' dir='ltr'>mortem</span> <span class='ocrx_word' id='word_1_294' title='bbox 565 2596 651 2648; x_wconf 87' lang='lat' dir='ltr'>maneat,</span> <span class='ocrx_word' id='word_1_295' title='bbox 673 2590 767 2640; x_wconf 85' lang='lat' dir='ltr'>depingit,</span> <span class='ocrx_word' id='word_1_296' title='bbox 788 2590 838 2629; x_wconf 87' lang='lat' dir='ltr'>inter</span> 
     </span>
     <span class='ocr_line' id='line_1_37' title="bbox 50 2645 838 2708; baseline -0.013 -3"><span class='ocrx_word' id='word_1_297' title='bbox 50 2648 53 2653; x_wconf 15' lang='grc' dir='ltr'><strong>Χ</strong></span> <span class='ocrx_word' id='word_1_298' title='bbox 110 2664 147 2705; x_wconf 84' lang='grc'><strong>6116</strong></span> <span class='ocrx_word' id='word_1_299' title='bbox 160 2664 221 2702; x_wconf 87' lang='lat' dir='ltr'>hocce</span> <span class='ocrx_word' id='word_1_300' title='bbox 235 2661 293 2702; x_wconf 90' lang='lat' dir='ltr'>modo</span> <span class='ocrx_word' id='word_1_301' title='bbox 309 2660 397 2701; x_wconf 82' lang='lat' dir='ltr'>disserit:</span> <span class='ocrx_word' id='word_1_302' title='bbox 413 2645 522 2707; x_wconf 77' lang='lat' dir='ltr'>„iustarum</span> <span class='ocrx_word' id='word_1_303' title='bbox 532 2661 594 2698; x_wconf 84' lang='lat' dir='ltr'>autern</span> <span class='ocrx_word' id='word_1_304' title='bbox 604 2658 708 2698; x_wconf 86' lang='lat' dir='ltr'>animarum</span> <span class='ocrx_word' id='word_1_305' title='bbox 717 2669 752 2708; x_wconf 90' lang='lat' dir='ltr'>per</span> <span class='ocrx_word' id='word_1_306' title='bbox 762 2656 838 2697; x_wconf 90' lang='lat' dir='ltr'>ordines</span> 
     </span>
     <span class='ocr_line' id='line_1_38' title="bbox 112 2723 838 2782; baseline -0.008 -12"><span class='ocrx_word' id='word_1_307' title='bbox 112 2727 205 2782; x_wconf 89' lang='lat' dir='ltr'>quosdam</span> <span class='ocrx_word' id='word_1_308' title='bbox 219 2728 293 2781; x_wconf 81' lang='lat' dir='ltr'>digesta</span> <span class='ocrx_word' id='word_1_309' title='bbox 307 2729 343 2768; x_wconf 90' lang='lat' dir='ltr'>erit</span> <span class='ocrx_word' id='word_1_310' title='bbox 356 2728 432 2769; x_wconf 82' lang='lat' dir='ltr'>laetitia.</span> <span class='ocrx_word' id='word_1_311' title='bbox 460 2727 558 2772; x_wconf 88' lang='lat' dir='ltr'>Primum,</span> <span class='ocrx_word' id='word_1_312' title='bbox 584 2723 636 2776; x_wconf 84' lang='lat' dir='ltr'>quod</span> <span class='ocrx_word' id='word_1_313' title='bbox 652 2723 734 2765; x_wconf 86' lang='lat' dir='ltr'>vicerint</span> <span class='ocrx_word' id='word_1_314' title='bbox 754 2737 838 2770; x_wconf 85' lang='lat' dir='ltr'>carnem,</span> 
     </span>
     <span class='ocr_line' id='line_1_39' title="bbox 111 2792 839 2846; baseline -0.01 -8"><span class='ocrx_word' id='word_1_315' title='bbox 111 2810 148 2838; x_wconf 91' lang='lat' dir='ltr'>nec</span> <span class='ocrx_word' id='word_1_316' title='bbox 162 2796 259 2837; x_wconf 86' lang='lat' dir='ltr'>illecabris</span> <span class='ocrx_word' id='word_1_317' title='bbox 272 2795 315 2846; x_wconf 84' lang='lat' dir='ltr'>ejus</span> <span class='ocrx_word' id='word_1_318' title='bbox 329 2796 409 2836; x_wconf 80' lang='grc'><strong>16116166</strong></span> <span class='ocrx_word' id='word_1_319' title='bbox 424 2797 467 2835; x_wconf 86' lang='lat' dir='ltr'>sint.</span> <span class='ocrx_word' id='word_1_320' title='bbox 495 2793 570 2834; x_wconf 85' lang='lat' dir='ltr'>Deinde</span> <span class='ocrx_word' id='word_1_321' title='bbox 584 2792 635 2844; x_wconf 85' lang='lat' dir='ltr'>quod</span> <span class='ocrx_word' id='word_1_322' title='bbox 653 2804 688 2844; x_wconf 89' lang='lat' dir='ltr'>pro</span> <span class='ocrx_word' id='word_1_323' title='bbox 706 2793 768 2844; x_wconf 85' lang='lat' dir='ltr'>pretio</span> <span class='ocrx_word' id='word_1_324' title='bbox 783 2792 839 2832; x_wconf 91' lang='lat' dir='ltr'>sedu-</span> 
     </span>
    </p>
   </div>
   <div class='ocr_carea' id='block_1_3' title="bbox 0 0 919 3145">
    <p class='ocr_par' dir='ltr' id='par_1_3' title="bbox 0 0 919 3145">
     <span class='ocr_line' id='line_1_40' title="bbox 0 0 919 3145; baseline 0 0"><span class='ocrx_word' id='word_1_325' title='bbox 0 0 919 3145; x_wconf 95' lang='lat' dir='ltr'> </span> 
     </span>
    </p>
   </div>
  </div>
 </body>
</html>
