1807 3145
114 223 155 263 330
289 266 296 272 „
399 220 424 254 De
435 223 492 255 morte.
499 219 554 256 llosis.

115 333 163 376 61116
177 336 247 378 volent.
274 334 304 375 Nc
325 335 399 381 dubita,
417 328 517 387 respondit
534 335 610 381 Moses,
631 336 684 374 Deus
703 338 739 375 hae
757 339 777 376 in
796 343 846 381 terra

113 403 151 444 illis
165 416 233 455 pacem
247 404 347 457 premisit;
366 403 440 444 interea
455 402 549 455 quidquid
561 403 645 444 volueris
659 404 764 457 interroga,
784 406 846 447 immi-

113 477 147 513 net
160 474 206 512 mihi
219 485 285 520 mors,
304 484 367 525 neque
385 485 416 511 me
432 472 512 524 anrplius
531 471 610 513 videbis.
639 473 709 513 losue:
731 474 845 525 Praeceptor

113 541 210 592 quomodo
231 543 281 581 inter
295 542 347 580 diem
361 546 381 579 et
394 546 472 580 noctem
490 540 605 591 distinguis?
622 541 642 579 in
663 541 701 580 hoc
716 554 779 581 errare
800 543 846 583 mihi

112 609 197 661 proclive
212 612 246 649 est.
269 609 344 655 Omnia,
360 608 384 648 de
398 608 466 660 quihus
476 620 515 648 non
524 607 654 659 interrogavit,
665 619 713 660 quae
725 609 789 660 gravia
797 621 845 661 quae

112 679 166 724 16116,
176 683 232 720 3111111
239 678 329 718 oblivioni
343 678 410 718 tradita
417 682 547 718 memorantur
554 676 762 718 iraeademiatabeu.
770 676 844 725 lldoses,

112 749 133 785 ut
146 746 277 788 soluta-losue
291 745 348 786 dubia
361 745 461 792 intellexit,
476 745 555 794 accede,
569 745 637 798 inquit,
652 744 676 785 ad
689 757 727 792 me,
744 749 763 785 et
776 745 843 787 ultime

111 816 131 852 te
146 814 214 852 osculo
235 813 333 858 satutah03
354 813 477 853 accedentem
499 814 579 859 osculo,
599 812 645 863 lietu
665 825 687 851 ae
709 813 845 852 benedictione

112 881 199 932 excepit,
215 882 257 932 ejus
272 883 343 922 cervici
357 882 483 927 incumbens,
499 880 593 933 dixitque:
612 879 642 920 Tu
656 884 675 921 et
689 880 749 922 161611
763 881 783 927 in
797 893 844 932 pace

111 952 194 995 manete,
208 949 236 988 illi
249 960 345 1000 nusquam
359 960 407 995 eam,
423 959 479 999 quam
492 960 527 1000 par
541 951 587 998 erat,
608 947 666 988 animi
679 946 846 989 mansuetudinem

111 1014 131 1053 iu
145 1028 176 1055 me
190 1017 312 1062 invenerunt,
333 1021 411 1067 propter
428 1017 496 1057 crebra
509 1018 593 1063 monita,
612 1017 681 1068 quibus
694 1017 739 1058 illos
753 1018 845 1069 increpui.

113 1081 217 1135 Statimque
240 1084 320 1135 siugulis
342 1083 438 1123 Trihubus
457 1082 575 1123 benedicere
601 1095 715 1136 aggressus,
743 1089 846 1136 postquam

111 1162 180 1204 urgere
200 1153 267 1192 horam
288 1151 392 1197 intellexit,
415 1164 483 1193 omnes
504 1153 561 1193 unica
579 1151 715 1194 benedictione
734 1151 845 1206 complexus

112 1226 150 1268 661,
165 1223 283 1276 ultimoque,
298 1216 384 1276 filiiseg'o
399 1234 434 1262 vos
449 1222 530 1261 multum
545 1226 564 1262 ct
577 1223 620 1273 lege
640 1226 659 1261 61
678 1222 786 1273 praeceptis
806 1221 846 1261 fati-

112 1291 164 1341 gavi,
180 1291 235 1341 663116
250 1291 324 1331 veniam
338 1302 349 1330 a
364 1290 418 1330 vohis
432 1282 483 1340 peto.
508 1291 576 1329 Pareat
590 1290 624 1329 tibi
637 1291 701 1335 Deus,
716 1289 845 1340 subjecerunt.

111 1359 136 1399 dt
150 1371 186 1399 uos
201 1358 279 1410 saepius
293 1361 312 1397 16
328 1356 351 1397 ad
364 1357 413 1397 iram
422 1357 590 1408 provocavimus,
609 1358 713 1409 pluresque
733 1357 768 1397 tihi
786 1359 846 1398 mole

112 1425 158 1465 stias
173 1426 303 1473 exhibuimus,
318 1424 403 1477 ideoque
416 1426 492 1467 veniam
506 1437 611 1477 precamur.
637 1426 691 1466 Hanc
706 1427 761 1467 voltis
776 1427 847 1466 tribuat

112 1494 216 1540 Dominus,
236 1494 336 1545 respondit
356 1494 434 1538 Moses,
455 1494 611 1544 accedentesque
630 1506 652 1533 ac
671 1494 733 1533 Deum
747 1493 846 1534 laudantes

112 1559 142 1611 his
155 1559 224 1601 iterum
238 1560 375 1612 interpellavit:
396 1571 475 1612 quaeso,
491 1572 535 1601 cunr
550 1561 665 1613 premissam
679 1565 749 1602 terram
763 1561 846 1614 ingressi

112 1627 198 1681 fixeritis,
213 1627 262 1673 inei,
272 1627 389 1678 ossiumque
404 1639 493 1667 meorum
508 1629 620 1669 memoriam
634 1629 717 1675 habete,
735 1630 849 1681 saepiusque

44 1720 46 1723 ψ
112 1695 178 1735 dicite:
192 1696 231 1737 Vae
246 1695 286 1736 filio
300 1696 388 1743 Amram,
410 1696 443 1748 qui
458 1701 501 1737 ante
515 1709 552 1737 nos
567 1697 611 1749 equi
626 1697 650 1737 ad
663 1699 723 1738 instar
745 1685 847 1743 cursitavit,

112 1768 131 1804 et
144 1768 209 1805 tamen
223 1764 265 1815 ejus
280 1776 325 1804 ossa
339 1765 359 1804 in
374 1764 451 1804 deserto
464 1764 535 1815 jacent.
562 1765 776 1818 Α111111Ρ116666161,
792 1777 849 1817 quern

112 1838 158 1883 post
177 1839 197 1873 16
217 1834 274 1873 nobis
290 1833 359 1873 ducem
376 1832 486 1885 relinquis?
508 1833 558 1874 lidos.
581 1832 624 1880 Quo
642 1838 729 1886 ternpore
748 1834 849 1875 vobiscum

111 1900 148 1946 iul,
164 1901 217 1941 Deus
233 1901 321 1952 Optimus
336 1899 431 1941 illeximus
446 1912 480 1939 vos
495 1900 550 1945 texit,
567 1900 631 1940 omnia
645 1914 690 1941 vero
706 1902 760 1953 signa
775 1906 795 1941 61
805 1912 849 1951 pao-

113 1968 175 2021 digia,
197 1981 246 2023 quae
265 1981 301 2021 per
314 1981 391 2009 inanum
405 1981 468 2009 meam
481 1969 539 2015 fecit,
557 1969 589 2008 illa
603 1973 666 2009 vestra
680 1982 719 2009 aon
733 1981 776 2009 mea
791 1979 849 2013 causa

113 2039 163 2079 facta
185 2050 208 2078 ex
231 2038 353 2089 plenitudine
376 2036 520 2077 misericordiae
541 2037 583 2088 ejus
602 2043 728 2084 mementote,
749 2039 769 2077 in
788 2049 811 2077 66
831 2037 848 2076 61

112 2116 166 2155 spem
181 2108 263 2144 vestram
278 2104 429 2150 collocaveritis,
445 2109 534 2144 votorum
548 2105 612 2144 irritos
626 2117 665 2144 uon
676 2106 764 2144 dimittet.
788 2106 848 2144 lsrae-

111 2174 156 2213 litae
170 2177 216 2213 tuuc
231 2174 251 2213 in
261 2184 330 2224 preces
341 2172 408 2220 effusi,
423 2172 517 2212 Dominus
527 2172 592 2218 Deus,
607 2172 701 2212 Dominus
711 2173 764 2212 Deus
776 2175 847 2218 noster,

111 2242 205 2294 protectio
229 2253 251 2281 ac
271 2239 364 2280 fortitude
386 2244 457 2291 nostra.
491 2240 566 2280 Interea
584 2241 655 2281 iterum
679 2241 703 2281 de
726 2241 781 2281 coelo
803 2253 848 2282 vox:

114 2311 165 2358 Quid
180 2315 200 2349 tu
215 2315 233 2350 16
248 2321 312 2354 vexas,
328 2308 405 2349 dimidia
420 2308 454 2349 tihi
467 2312 541 2349 tanturn
555 2314 644 2361 superest
657 2310 710 2351 hora.
739 2310 787 2351 Cum
801 2321 847 2350 vero

113 2379 176 2418 animo
185 2377 283 2423 maximas,
299 2388 346 2428 quas
356 2378 410 2418 Deus
420 2376 491 2429 populo
507 2387 542 2415 suo
556 2376 677 2429 praebiturus
688 2382 746 2423 esset,
760 2378 848 2417 consola-

113 2445 325 2487 tionesintellexisset:
347 2446 363 2486 0
378 2458 413 2488 vos
428 2444 520 2502 fqelicest
536 2445 578 2497 quis
593 2446 674 2499 populus
689 2445 739 2487 sicut
753 2451 774 2487 tu
789 2445 861 2488 salva·

114 2520 146 2555 tus
162 2515 182 2554 in
196 2513 285 2560 Domino.
315 2514 401 2555 Tandem
412 2515 500 2555 ultimam
515 2525 559 2554 cum
573 2514 618 2555 lietu
633 2516 753 2556 uelamento
768 2514 849 2554 salutem

112 2587 201 2636 precatus
222 2586 263 2623 est:
281 2582 354 2627 111616,
376 2596 411 2640 ego
430 2595 465 2642 166
486 2584 506 2623 11
520 2584 661 2635 resurrectione
679 2588 799 2635 mertuorum
813 2584 848 2641 ite3

6 2622 14 2677 ss
72 2707 75 2709 Ὗ
112 2651 249 2704 renarrem.
279 2650 312 2691 su
331 2651 354 2692 aa
372 2651 411 2691 tras
431 2663 475 2692 aum
496 2651 605 2697 taceamus,
626 2651 654 2690 aaa
672 2653 696 2692 aa
715 2665 740 2691 aa
759 2652 847 2705 ragentes

113 2709 255 2768 discesserunt,
270 2722 314 2773 ipse
329 2721 471 2768 taceremne,
491 2721 549 2773 pallio
565 2725 622 2772 eaput
634 2720 740 2775 lugentium
755 2719 847 2762 demere

113 2794 181 2836 tectus,
195 2789 298 2829 tentorium
312 2790 412 2842 ingressus
424 2793 460 2835 est,
475 2789 551 2840 saepius
563 2789 847 2841 1616111166661166616111166

112 2858 168 2905 meis,
183 2856 320 2910 quaelruotus
334 2862 396 2899 161166
410 2857 468 2898 melle
483 2861 503 2897 et
520 2857 570 2898 lacte
587 2857 665 2900 liuentis
683 2869 722 2897 non
737 2857 847 2910 decerpant,
