1807 3145
352 155 376 190 De
387 158 440 190 morte
451 154 507 189 iliosis.
754 160 792 198 341
829 175 833 177 ·

64 275 157 327 neglexit,
173 279 191 314 at
205 287 241 328 ego
256 275 336 315 nonita
350 275 393 315 leci.
419 276 456 329 De.
470 275 578 319 Abraham.
598 276 630 326 qui
643 286 716 315 nomen
729 286 795 314 meum

64 342 195 390 sanctificavit,
209 349 296 385 mortuus
312 347 346 384 cst.
375 343 426 385 Mos
440 343 528 399 lsmaiilis
542 348 596 396 pater
610 348 646 390 est,
663 343 719 394 carjus
729 351 795 400 poste-

64 411 109 451 ritas
123 415 143 450 te
158 411 182 450 ad
195 411 242 451 iram
252 412 368 463 prouocauit.
396 412 431 450 De.
445 413 507 457 isaac,
522 413 554 463 qui
569 411 663 450 sacrificio
677 407 794 450 seohtulit‘?

64 479 117 521 illos
133 480 170 520 Hic
188 481 241 521 Esau
256 480 331 533 genuit;
352 479 411 531 cujus
426 478 461 519 tilii
481 480 573 533 templum
592 482 645 519 tuum
664 477 753 519 incendio
775 478 795 514 et

63 550 117 601 ruina
140 554 243 589 vastarunt.
277 549 313 588 De.
332 547 395 588 dar-oh*
412 547 671 600 quoqueperiitsatille
693 544 794 592 duodecim

64 616 156 657 Tribuum
176 621 231 667 pater
253 621 298 655 est
316 615 459 657 masuerum
478 616 516 655 hoc
531 616 607 668 quidem
621 621 661 663 est,
681 615 716 656 sed
730 616 793 666 neque

62 683 145 735 pedihus
159 684 198 723 suis
214 684 315 735 caliginem
329 683 447 735 Angelorum
462 683 485 725 ad
499 685 563 725 instar
574 686 663 731 calcavit,
682 696 719 723 nec
738 683 794 722 alter-

63 765 99 793 nos
113 757 293 793 tacum'sermones
308 753 416 799 conseruit,
435 766 472 793 nec
492 765 502 793 a
520 758 540 793 te
557 753 621 806 legem
640 752 731 804 suscepit.
758 749 793 788 De.

64 822 114 862 Satis
129 827 164 869 est,
179 823 282 869 morieris‚'
301 822 339 862 hoc
358 822 380 862 ab
400 821 479 862 Adomo.
508 819 558 864 Mos.
577 820 794 862 lacimurhomines:

63 890 142 932 uixisset
155 889 228 936 Moses,
243 890 281 930 nisi
291 890 344 930 Deus
357 890 378 929 in
393 902 416 930 eo
430 894 532 941 peccatum
546 890 656 930 invenisset.
684 888 719 927 De.
734 886 794 926 Dete

64 958 133 1011 scripsi
147 959 168 997 in
182 958 225 1010 lege
239 968 292 997 mea:
306 957 357 996 Non
372 958 482 997 surrexit
495 958 619 1008 Propheta
634 944 751 997 adhuc'in
764 957 795 996 Is-

62 1027 120 1067 raet
134 1028 203 1066 sicut
217 1025 308 1066 moses.
330 1025 380 1065 Mos.
395 1026 465 1065 Dicent
478 1037 510 1064 me
517 1025 609 1075 juvenem
618 1026 711 1076 paruisse,
727 1036 794 1064 senem
835 1069 836 1074 ¹

63 1108 108 1137 vcro
123 1098 225 1148 praecepta
238 1097 270 1134 tua
285 1093 400 1145 neglexisse.
428 1093 463 1132 ll'e.
478 1092 546 1133 Mortis
566 1097 610 1134 tuae
631 1104 709 1133 causam
723 1103 746 1132 en
759 1089 793 1131 illo

63 1158 136 1203 scienti
150 1165 207 1214 quia
226 1162 362 1213 peccastis
382 1167 472 1201 contra
490 1175 525 1201 me
546 1162 664 1202 inmedio
678 1162 794 1201 filiorum

62 1230 144 1271 lsraiil
165 1230 189 1270 in
210 1230 286 1282 oqtris
308 1230 498 1270 contentionis.
527 1229 570 1269 Duo
591 1233 711 1281 praestantes
733 1228 793 1268 duces

63 1299 154 1339 Israelitis
168 1299 251 1345 luerunt,
267 1310 348 1349 quorum
364 1298 411 1338 alius
426 1297 483 1338 dixit:
498 1297 639 1338 Scribatur
652 1302 794 1350 peceatum

63 1378 158 1413 meum,
174 1367 221 1406 alius
236 1365 291 1405 dixit:
308 1365 342 1404 Ne
357 1366 497 1406 scribatur.
524 1365 585 1407 Dauid
600 1366 671 1417 optarit
683 1378 708 1405 ne
723 1364 794 1405 scrihe-

63 1438 121 1478 retur,
137 1435 162 1473 ait
176 1435 239 1473 euim:
259 1434 342 1478 Beati,
364 1434 686 1484 quorumremissae'sunt
703 1433 794 1484 iniqui-

63 1505 143 1547 tates,
169 1506 192 1540 et
213 1503 407 1553 quorum'tecta
428 1505 623 1553 sunt‘peccata.
659 1501 725 1542 Moses
747 1510 793 1540 uero

64 1570 123 1610 scribi
143 1570 212 1616 uoluit;
234 1582 278 1611 nam
297 1574 406 1622 peccatum,
430 1570 481 1622 quod
501 1571 601 1621 peccavit,v
615 1571 698 1622 ipsemet
711 1566 793 1609 indicat:

65 1639 128 1687 Quia
147 1650 197 1679 non
217 1639 410 1679 sanctificastis
425 1650 467 1678 mc.
496 1638 544 1679 Rem
558 1643 618 1679 totam
631 1638 721 1690 parabola
736 1636 794 1686 expli-

65 1711 109 1749 cant
123 1707 147 1748 de
161 1719 219 1759 rege,
239 1705 295 1757 cujus
309 1718 390 1753 uxores,
410 1718 456 1759 paras
471 1707 517 1746 duas
532 1707 622 1752 duxerat,
638 1707 704 1746 amhae
718 1706 793 1756 vapula-

64 1781 116 1823 runt‚
145 1776 215 1827 prima,
232 1776 275 1826 quia
289 1775 464 1826 blasphemaverat,
479 1775 547 1821 altera,
564 1776 607 1826 quia
621 1775 669 1815 heus
683 1776 792 1825 immaturas

65 1843 185 1883 comederet:
199 1844 231 1884 illa
245 1844 346 1895 postulauit
360 1856 370 1884 a
384 1856 436 1896 rege,
450 1845 478 1884 uti
490 1848 591 1895 peccatum
605 1855 660 1884 suum
675 1842 794 1884 describere-

63 1916 105 1956 tur,
125 1925 150 1951 ne
172 1911 196 1951 ob
215 1911 352 1961 blasphemiam
371 1914 441 1963 pariter
460 1913 556 1954 uideretur
575 1916 671 1962 excepta..
686 1911 727 1951 Rex
742 1910 792 1950 collo

64 1988 164 2030 appensas·
175 1977 224 2029 licus
237 1982 318 2030 'gestare
331 1979 401 2025 uoluit,
421 1977 539 2018 acclamante
553 1988 649 2030 praecone
669 1983 688 2018 et
709 1988 792 2022 causam,

64 2057 99 2085 cur
118 2045 182 2098 flagris
203 2046 325 2094 caederetur,
344 2048 436 2099 populum
455 2048 555 2088 docente.>
571 2047 604 2087 Sic
619 2045 743 2099 accipiendus
761 2044 793 2085 hic

63 2115 129 2155 locus:
143 2129 220 2180 017qu
234 2119 261 2167 ps
274 2120 367 2169 pppsp,
383 2117 440 2168 quia
455 2128 504 2157 nou
519 2114 794 2168 sanctificastis'Non

64 2185 116 2224 enim
130 2189 171 2224 erat
184 2185 222 2223 hoc
236 2189 337 2235 peccatum
351 2198 418 2237 grave,
440 2185 463 2225 de
477 2186 511 2224 illo
525 2190 590 2225 tamen
604 2190 700 2237 tamquam
714 2182 739 2223 de
753 2194 794 2233 gra-

63 2242 143 2292 uissimo
158 2253 247 2303 loquitur,
262 2258 341 2304 propter
354 2254 454 2304 utriusque
469 2255 613 2299 excellentiam,
635 2259 657 2293 ut
671 2253 758 2293 ostendat
771 2265 794 2292 se

65 2331 108 2358 cum
125 2318 183 2369 justis
205 2325 293 2359 accurate
312 2331 379 2372 agere,
394 2309 497 2373 vitiumque
511 2326 532 2361 ut
546 2323 624 2373 capillos
640 2321 707 2373 capitis
722 2321 792 2366 solent,

63 2376 165 2439 pensitare
193 2387 249 2427 lllulti
267 2389 287 2426 in
307 2390 417 2439 quaerendo
436 2391 474 2428 hoc
494 2381 574 2440 peccato
589 2402 668 2441 operam
680 2393 792 2441 posuerunt,

64 2468 101 2496 nec
120 2460 183 2496 tamen
197 2455 295 2507 assequuti
315 2460 365 2497 sunt.
394 2456 458 2509 Aliqui
472 2461 539 2508 putant
552 2457 615 2498 Deum
633 2458 746 2511 imperasse,
758 2457 793 2497 'uti

64 2523 135 2575 populo
150 2523 284 2578 loquerentur,
300 2524 352 2575 quod
365 2525 448 2582 neglexit
461 2525 541 2573 Moses,
562 2527 601 2566 imo
620 2527 652 2567 bis
670 2538 737 2578 rupem
751 2539 794 2579 pcr-

65 2593 129 2639 oussit
143 2592 226 2645 ideoque
239 2600 322 2643 poenam
336 2599 451 2652 meruerunt.
479 2596 535 2636 Abeu
549 2597 596 2637 lisra
617 2598 693 2638 scribit:
707 2610 751 2649 pars
764 2601 794 2637 to·

27 2693 29 2701 a
64 2667 104 2702 tum
119 2664 215 2715 sequitur,
231 2663 287 2713 eique
302 2663 392 2715 conjungi
406 2668 464 2704 amat:
481 2664 526 2705 hinc
539 2679 589 2708 nova
602 2667 688 2719 prodigia
702 2679 724 2707 ac
738 2668 793 2707 mira-

66 2731 108 2771 cula
124 2737 223 2784 expectare
237 2732 302 2780 facile,
323 2745 404 2785 quorum
418 2738 503 2786 potestas
523 2747 557 2786 pro
576 2738 631 2776 more
649 2748 709 2789 penes
723 2735 792 2777 Mosen
808 2778 810 2780 ,

66 2804 124 2839 asset.
160 2801 203 2841 Hoc
225 2801 258 2841 illa
280 2801 360 2841 volunt:
388 2803 486 2842 Nomen
511 2805 592 2842 meum
615 2802 791 2857 Jeh'ova'illis
