1807 3145
333 161 376 201 Vita'
384 159 454 202 Marlini.

37 283 128 325 Riserunt
142 285 173 326 alii
187 286 255 340 quibus
269 280 367 339 impertita
377 285 463 330 luerunt,
527 287 528 290 ’
593 276 596 279 ’
646 274 648 276 ’

37 351 107 401 Meque
121 359 189 393 uocant
203 355 288 405 largum,
304 353 378 403 cupidis
394 365 471 404 quoque
486 352 620 394 fauoihns'illa
670 357 672 359 ’

37 420 173 473 Aggrediendo
188 428 264 469 vorant,
281 427 300 462 er
313 434 374 474 pauca
387 422 448 461 fnisse
464 424 573 472 queruntur.

37 491 77 529 Neo
91 502 155 531 mora:
170 489 265 543 corripuit
274 491 337 530 rabies
353 484 468 530 miserabilis
482 489 540 529 istum

37 558 60 598 ut
75 564 154 599 ourrotos
170 559 229 606 alios,
245 560 277 611 qui
291 570 336 599 mox
349 557 423 598 ratione
438 561 525 598 carentes

37 624 92 667 lilore
107 638 175 666 eanum
190 639 235 667 sese
249 626 334 666 lacerant
348 618 455 665 mordendo
470 626 566 673 vicissim3

38 692 124 734 Strirlent
138 699 157 734 et
171 699 269 746 spumant,
284 700 304 735 et
317 695 370 734 humi
384 695 426 735 sine
440 699 504 735 mente
518 696 609 736 volutant.

37 761 125 815 Denique
140 763 221 816 digressi
236 768 281 805 sunt
294 759 357 812 illino,
372 775 426 804 more
439 763 516 817 lupino,

38 830 161 880 Complentes
175 841 245 871 vaouas
260 831 335 870 miseris
350 830 453 871 ululatibus
468 842 530 871 auras.

38 897 91 938 Haeo
105 898 152 937 mihi
166 910 205 937 non
219 886 266 947 illis,
281 899 332 938 velut
347 896 437 943 aestimo,
452 905 509 950 poma
524 889 626 944 (labentum

37 968 142 1008 Postmodo
157 978 192 1007 oeu
207 967 274 1013 aaaron
289 979 333 1007 nam
346 971 392 1010 tuno
406 967 426 1006 in
439 968 524 1018 partibus
538 967 576 1007 illis

37 1035 79 1076 Una
93 1036 127 1076 luit
141 1037 219 1084 mulier,
236 1049 284 1089 quae
298 1049 329 1077 me
345 1036 437 1076 dilexerat
450 1041 494 1076 ante

37 1106 61 1145 Et
75 1116 151 1144 meeum
165 1106 229 1144 multis
244 1106 340 1146 Venerem
355 1106 455 1144 satiaverat
468 1105 532 1144 anuis:

38 1172 92 1214 Hans
106 1177 209 1225 postquam
224 1172 287 1225 sprevi
302 1184 408 1226 secumque
424 1171 568 1226 corrompant,

37 1240 63 1281 Ut
77 1254 108 1281 me
124 1242 227 1288 damnaret,
242 1242 304 1294 rapuit
317 1253 362 1281 mox
376 1241 429 1283 laeva
443 1241 537 1283 voluntas.

38 1312 123 1362 Cumque
138 1324 218 1352 movens
233 1311 295 1352 arlitus
310 1312 358 1351 alios
373 1303 458 1363 reperire
472 1311 572 1363 nequiret,

38 1380 132 1430 Apposuit
144 1380 193 1418 fonti
208 1391 266 1430 super
280 1379 327 1418 illita
343 1379 393 1418 dona
407 1380 490 1426 veneni,

39 1447 83 1496 Quo
97 1442 272 1495 redituruseram‚
287 1446 381 1488 meditans
396 1447 431 1487 hao
446 1451 486 1487 arte
501 1456 573 1486 nouere

38 1515 60 1556 Si
74 1516 148 1557 fruerer
161 1516 223 1568 pomis
238 1517 257 1555 in
273 1517 358 1568 gramine
372 1516 421 1556 forte
435 1516 522 1567 repertis.

39 1586 64 1624 At
77 1596 108 1624 mo
123 1596 166 1623 sors
181 1584 249 1623 melior
264 1585 292 1624 sio
308 1585 428 1625 nonservavit
442 1585 523 1630 abillis,

39 1652 64 1693 Ut
77 1652 135 1692 morlo
150 1653 244 1704 praedixi:
259 1657 289 1692 set
304 1664 347 1691 oum
363 1651 479 1704 compellere
494 1664 566 1705 quaeso

27 1718 82 1762 'Hoc
97 1721 121 1761 de
135 1721 187 1762 fonte
202 1734 252 1763 novo
267 1722 348 1773 limphas
362 1727 430 1774 potare
445 1722 540 1769 salubres,

39 1791 76 1838 Ut,
92 1791 109 1831 si
122 1792 170 1830 lorte
186 1803 240 1830 suam
253 1791 316 1842 possit
329 1791 422 1831 rehabere
437 1791 529 1838 salutem,
572 1791 573 1795 ’

41 1859 67 1899 Se
82 1863 186 1911 cognoseat
200 1859 256 1904 itam,
272 1870 387 1910 merumque
402 1860 476 1900 laborer
489 1860 509 1898 in
522 1860 565 1899 istis

41 1927 124 1968 Saltibus
139 1928 158 1967 in
173 1927 262 1974 Domino,
277 1926 322 1966 dum
336 1932 413 1979 postera
428 1928 465 1968 vita
479 1927 582 1968 manebit.¹‘

96 2064 128 2103 Sic
143 2065 199 2114 igilur
212 2065 276 2104 leoere
291 2064 360 2110 durem
375 2069 489 2117 sumptoque
503 2066 579 2117 liquore

40 2130 132 2173 Redditur
146 2131 177 2172 ille
193 2131 235 2178 sibi,
252 2132 284 2183 qui
299 2143 368 2172 vecors
382 2136 461 2173 venerat
474 2131 533 2177 illue,

41 2201 172 2253 cognovitque
186 2211 233 2241 suos
248 2191 310 2241 subito
326 2204 403 2241 curatus
419 2201 499 2242 amieos.

97 2337 151 2377 'luno
165 2337 258 2378 Merlinus
274 2339 307 2377 ait:
323 2336 380 2384 „Tibi
394 2349 445 2377 nuno
460 2341 569 2378 constanter
584 2335 668 2377 eundum

40 2405 74 2447 Est
87 2404 107 2444 in
122 2417 183 2457 agone
197 2404 245 2450 Dei,
261 2404 293 2456 qui
307 2407 326 2443 ie
341 2403 374 2443 tibi
388 2403 482 2451 reddlrlit,
498 2409 519 2444 ut
533 2398 584 2444 nuno

40 2474 125 2526 ipsemet
138 2474 246 2525 inspectas,
262 2474 294 2524 qui
308 2485 342 2524 per
357 2472 432 2513 deserta
446 2477 475 2513 tot
488 2473 543 2514 annis

41 2542 67 2584 Ut
80 2544 119 2583 fera
134 2542 195 2584 vixisti
211 2543 253 2582 sine
268 2554 327 2583 sensu
341 2545 404 2594 turpis
419 2543 492 2590 eundo;

40 2612 142 2652 Ne'morlo
157 2610 244 2661 diffugias
257 2597 436 2656 fruticesqraaone
451 2617 539 2664 recepta,

41 2680 79 2719 Aut
93 2677 163 2719 virides
179 2677 248 2724 saltus,
265 2689 313 2729 quos
326 2678 370 2729 Jam'
380 2678 489 2730 limphando
505 2680 596 2726 solebas,

42 2748 77 2789 Set
90 2759 166 2788 meeum
180 2758 268 2793 maneam
282 2751 303 2787 ut
319 2739 367 2799 quos
382 2748 415 2788 tibi
430 2748 544 2801 surripiebat

41 2815 75 2859 Vis
88 2827 171 2857 verunea
185 2815 237 2863 alies,
251 2815 321 2858 iterum
335 2828 424 2868 reparare
438 2817 514 2860 labores
