1807 3145
121 173 158 220 isc
422 178 484 211 lluoelri
496 177 542 211 liber.

150 294 193 342 ’20)
209 293 315 344 Adspicere
330 305 374 333 eum
387 305 445 333 nemo
459 298 539 343 poterat.

159 362 192 410 21)
208 352 302 408 Quidam,
318 361 349 400 oui
362 373 430 413 magna
445 361 517 413 gloria,
533 361 612 402 sedebat
624 362 644 401 in
659 364 696 401 eoi

103 461 105 464 .
160 428 192 475 22)
208 428 266 478 Cujus
277 429 334 467 vastis
344 429 405 478 magis
412 428 487 467 lucebat
498 441 554 479 quam
564 430 599 474 sol,
612 433 629 469 el
640 428 739 468 candidior
750 423 791 468 erat
800 429 849 469 nire.

161 497 195 543 23)
210 495 277 535 Nullus
292 494 370 546 angelus
384 498 458 549 poterat
472 500 571 546 penetrare
586 495 610 535 ad
624 495 768 547 adspiciendam
781 495 849 535 faeiem

121 563 174 612 ejus,
190 562 287 613 magnifici
301 567 320 602 et
334 562 427 608 Gloriosi,
448 574 512 613 neuile
526 564 575 603 ullus
589 564 675 603 mortalis
690 564 791 615 adspicere
803 565 850 604 Eum

119 634 199 681 poterat.
227 629 279 681 Ignis
294 629 373 669 ardebat
387 630 505 669 circellum.

161 697 194 743 24)
209 696 290 745 Magnus
309 696 358 745 iguis
372 702 439 734 coram
452 696 491 741 Eo,
515 697 541 736 ita
561 700 582 735 ut
595 708 652 735 nemo
667 707 744 742 eorum,
770 696 802 746 qui
817 696 851 734 cir-

121 762 236 803 cumdabant
249 761 303 806 Eum,
319 764 470 814 appropinquare
484 769 557 815 posset,
572 775 596 803 ex
608 764 724 815 myriadibus
738 763 850 814 myriadum,

120 843 170 883 quae
190 835 244 870 erant
263 843 328 869 coram
341 831 375 870 Eo.
403 831 442 881 Ipsi
461 844 500 870 non
515 843 563 883 opus
583 838 623 871 erat
642 832 725 871 concilio
740 832 851 871 sanctitatis.

119 899 159 938 Nec
174 903 238 937 tamen
250 897 321 943 Sancti,
337 898 369 948 qui
378 909 439 947 prope
448 898 496 938 Eum
511 903 569 944 eraut,
584 898 707 945 secedebant,
719 911 781 950 neque
793 903 852 938 noctu

120 977 184 1017 neque
199 965 291 1009 interdiu,
313 977 349 1003 nec
368 968 515 1004 removebantur
529 966 551 1004 ab
565 966 604 1005 uo..
628 966 668 1017 Ego
684 977 766 1017 quoque*
776 968 852 1004 accessi

120 1043 182 1082 usque
197 1030 220 1071 ad
234 1031 291 1076 Eum,
306 1030 367 1071 velata
381 1030 430 1069 facie
446 1034 464 1070 et
477 1035 569 1070 tremens.
593 1031 642 1069 Tum
656 1031 750 1071 Dominus
767 1038 800 1071 ore
815 1044 850 1070 suo

119 1099 219 1150 appellarit
236 1110 280 1144 me,
301 1097 379 1138 dicens:
407 1098 485 1139 Accede
499 1099 547 1144 huc,
567 1099 644 1145 Enoch,
665 1099 689 1139 ad
702 1112 771 1140 rocem
789 1109 853 1139 meam

119 1172 210 1206 salictam.

162 1234 195 1279 25)
209 1234 233 1271 Et
250 1233 326 1271 sustulit
344 1245 384 1278 me,
409 1234 481 1272 faciens
502 1238 533 1271 me
548 1234 642 1272 accedere
657 1234 680 1272 ad
695 1240 769 1284 portam
784 1245 850 1284 usque.

122 1299 178 1337 Oculi
194 1298 231 1336 mei
245 1299 263 1335 in
279 1298 321 1336 solo
337 1297 391 1336 defixi
408 1302 465 1337 erant.

428 1455 488 1495 car.
509 1455 547 1506 uu.

181 1559 199 1607 1)
214 1557 263 1597 Tum
278 1556 377 1608 alloquens
392 1569 423 1597 me
435 1557 491 1597 dixit:
507 1557 560 1602 audi,
575 1569 611 1597 nec
626 1562 705 1605 metuas,
717 1558 769 1609 juste
784 1560 857 1607 Enoch,¹

127 1626 189 1667 scribe
202 1625 292 1677 justitiae,
307 1626 437 1677 appropinqua
452 1627 495 1673 buc,
511 1632 530 1666 et
540 1627 586 1665 audi
600 1638 669 1667 rocem
682 1639 750 1667 meam.
770 1628 812 1673 Abi
827 1628 858 1668 die

123 1693 217 1746 Vigilibus
237 1692 298 1737 coeli,
321 1692 353 1743 qui
370 1693 464 1732 miserunt
477 1696 496 1731 te
515 1691 539 1731 ad
553 1691 670 1751 precandum
684 1705 719 1744 pro
738 1693 796 1745 ipsis:
818 1695 858 1738 Vos

125 1762 200 1818 debetis
213 1761 288 1810 precari
301 1771 336 1808 pro
350 1760 473 1804 hominibus,
491 1757 555 1810 neque
569 1760 657 1798 homines
671 1771 706 1809 pru
721 1760 783 1800 robis.

180 1827 200 1874 2)
216 1826 253 1865 Gur
268 1825 380 1865 deseruistis
399 1828 497 1865 excelsum
511 1833 530 1866 et
545 1828 632 1865 sanetum
646 1828 733 1874 eoelum,
756 1829 809 1879 quod
823 1830 859 1868 erit

127 1897 145 1941 tn
167 1899 276 1940 aeternum,
301 1900 320 1934 ct
339 1894 471 1934 concubuistis
493 1907 537 1934 cum
555 1891 678 1941 mulieribus,
703 1900 723 1934 et
744 1896 860 1946 coinquinati

127 1964 174 2002 estis
195 1974 238 2001 oum
252 1961 326 2000 filiabus
345 1962 454 2008 hominurn3
477 1962 556 2001 duxistis
568 1974 605 2002 ,eas
619 1973 701 2008 uxores3
722 1962 797 2002 lecistis
812 1962 861 2001 sicut

129 2030 163 2069 filii
177 2034 250 2074 terrae,
266 2034 285 2068 et
299 2029 519 2082 genuistisprogeuiem
533 2028 627 2079 impiam?

171 2089 173 2091 ’
186 2095 205 2142 3)
218 2094 259 2134 Vos
270 2093 383 2143 spirituales,
399 2080 460 2132 saneti
475 2099 494 2133 et
502 2095 588 2134 viventes
598 2096 661 2141 vitam,
677 2106 725 2144 quae
744 2098 775 2134 est
784 2098 861 2133 aeterna

130 2162 246 2217 inquinastis
266 2173 301 2202 uos
319 2172 363 2200 oum
383 2161 504 2209 mulieribus;
529 2163 548 2202 in
564 2163 656 2215 sanguine
672 2162 743 2203 carnali
761 2161 863 2213 genuistis;

131 2221 151 2276 et
171 2230 283 2281 sanguinem
301 2229 399 2268 hominum
421 2230 568 2281 concupivistis3
592 2236 611 2270 et
630 2229 704 2269 lecistis
722 2235 742 2268 ul
763 2230 801 2274 illi,
825 2229 864 2279 [qui

132 2296 183 2347 sunt]
199 2309 244 2337 earo
260 2301 279 2335 et
293 2297 377 2346 sanguis.

187 2365 207 2412 4)
221 2362 250 2403 llli
264 2366 327 2401 tamen
342 2362 448 2402 moriuntur
462 2375 484 2402 ac
499 2369 584 2413 pereunt.

189 2432 208 2479 5)
224 2430 287 2477 Quare
301 2432 325 2469 iis
340 2442 409 2470 uxores
425 2430 480 2477 dadi,
502 2436 529 2476 nt
538 2430 668 2483 cohabitarent
682 2442 725 2470 curn
740 2431 775 2477 iis3
797 2435 818 2471 ut
831 2430 865 2470 lilii

134 2512 156 2551 ex
170 2499 195 2537 iis
209 2503 344 2544 nascerentur,
364 2504 384 2539 et
396 2499 525 2544 utlric‘ordo
540 2503 593 2538 esset
606 2500 626 2537 in
639 2504 696 2539 terra.

190 2566 209 2615 6)
225 2564 265 2603 Sed
276 2576 311 2604 vos
326 2566 347 2604 ab
360 2567 414 2605 initio
425 2567 471 2605 facti
487 2567 533 2605 estis
544 2566 650 2615 spiritales,
665 2566 788 2616 possidentes
802 2565 866 2611 uitam,

136 2637 185 2683 quae
200 2635 230 2671 est
244 2635 331 2677 aeterua,
351 2643 414 2682 neque
428 2632 485 2671 morti
500 2629 586 2680 subjecta
600 2631 619 2669 in
635 2636 738 2671 aeternum,
756 2649 759 2654 ·

189 2693 211 2747 ’7)
226 2699 291 2748 Quare
310 2711 349 2738 non
372 2699 411 2737 feci
431 2711 500 2738 uxores
519 2698 585 2742 vobis,
612 2699 654 2748 quia
678 2697 793 2750 spiritalibus
813 2697 867 2740 vobis

137 2765 255 2816 domicilium
269 2771 298 2806 est
312 2767 408 2808 incaelo.
850 2770 852 2774 ’
