1807 3145
116 278 155 315 25ss
230 272 231 275 Ἴ
419 275 481 311 Enecbi
493 276 539 311 iiber.

159 389 189 435 17)
203 388 243 428 Vae
253 389 313 433 vobis,
324 390 381 435 stulti,
392 402 435 429 nam
444 379 532 441 peribitis·
540 394 560 432 in
570 394 649 434 stultitia
660 401 727 436 vestra.
743 397 843 447 Sapientes

116 456 181 496 audire
195 469 233 496 non
249 457 315 502 vultis,
335 462 354 496 et
368 457 418 508 quod
432 452 504 512 bonum
519 466 558 507 est,
579 474 617 501 non
633 462 748 501 obtinebitis.

160 525 191 573 ta)
207 524 281 564 Scitote
295 524 359 576 igitur,
375 523 480 566 destinatos
494 541 530 572 vos
545 542 589 568 esse
605 529 710 569 eversionis
726 529 845 582 dictaeque

116 598 202 645 sperate,
226 594 267 633 fore
282 596 303 631 ut
321 595 526 644 peccatoresvivanb
551 596 585 635 sed
605 596 679 637 abibitis
700 602 719 636 et
733 597 845 644 moriemini,

116 673 160 700 nam
174 662 298 700 redemtionis
313 662 395 711 pretium
409 674 447 700 non
462 665 586 714 cognoscitis,

161 727 192 775 19)
206 727 301 766 Destinati
315 727 362 766 estis
376 739 411 777 pro
430 729 494 779 magni
510 729 577 778 judicii
592 730 632 776 dic,
653 742 687 780 pro
703 731 733 771 die
752 733 845 771 moeroris

118 801 137 835 et
151 800 246 836 extremae
262 795 366 834 animarum
379 800 486 835 vestrarum
500 797 622 848 ignominiae.

162 863 195 911 22)
210 863 250 904 Vae
265 862 325 908 vobis,
341 862 428 901 obdurati
443 864 507 909 corde,
523 866 555 915 qui
569 866 641 904 crimen
651 850 768 905 committitis
778 870 797 905 et
807 876 849 905 san-

118 931 176 981 guine
190 930 296 970 vescimini.
324 929 379 968 Unde
391 930 475 968 fruimini
488 931 554 976 bonis,
568 931 633 969 bibitis
648 937 672 984 et
681 932 790 971 satiamini?
804 933 848 970 ideo

119 997 162 1049 quia
180 996 289 1037 ditissimus
309 995 426 1035 abundanter
446 995 572 1048 suppeditavit
592 1009 648 1037 omne
662 998 768 1038 honum-in
787 998 849 1039 terrai

119 1066 178 1108 Vobis
194 1071 257 1106 autem
271 1076 358 1115 pannon
373 1065 413 1103 erit.
433 1053 435 1057 ’

163 1134 198 1180 21)
213 1135 252 1174 Vae
267 1133 331 1178 vobis,
354 1133 385 1183 qui
399 1132 502 1183 iniqnitatis
517 1133 566 1173 iacta
582 1120 653 1173 amatis.
678 1129 715 1174 Gan·
729 1134 810 1186 speratis
824 1132 849 1178 id,

80 1255 83 1261 k
122 1199 175 1252 quod
187 1201 259 1239 bonum
270 1198 315 1237 est?
330 1198 410 1243 Scitote,
426 1209 460 1238 vos
474 1198 562 1237 traditum
570 1199 594 1238 iri
605 1200 701 1249 justornm·
711 1201 804 1245 manibus,
820 1200 850 1249 qui

107 1269 205 1309 eervices
219 1267 429 1317 vestras-abscinderet,
453 1268 594 1316 vermeriam,
615 1279 677 1318 neque
699 1265 850 1307 misericordiam

119 1337 175 1377 vobis
191 1335 311 1375 exhibebunt.
661 1368 662 1371 ,

161 1405 194 1451 22)
208 1405 248 1445 Vae
262 1403 328 1446 vobis,
350 1402 380 1450 qui
394 1401 489 1450 justornm
503 1402 603 1440 vexatione
618 1402 714 1449 exultatis,
737 1413 781 1442 nam
795 1401 850 1442 vobis

121 1471 230 1521 sepuicrnm
244 1481 284 1526 non
297 1468 378 1519 ferietur.
752 1517 755 1524 ἱ

146 1538 194 1588 23)
208 1539 248 1580 Vae
262 1536 335 1582 vobis,·
352 1536 384 1587 qni
398 1535 471 1575 irritum
490 1534 569 1575 redditis
585 1534 681 1585 justorum
696 1533 784 1580 verbum3
807 1545 851 1573 nam

120 1607 175 1645 vobis
189 1617 229 1643 non
244 1604 279 1642 erit
292 1604 341 1643 vitae
356 1615 407 1651 spes.
436 1629 438 1631 v

162 1668 195 1715 24)
210 1668 250 1710 Vae
269 1667 345 1716 vobis„
360 1668 392 1718 qni
410 1666 494 1706 scribitis
514 1667 594 1707 verbnm
611 1667 710 1713 falsitatis,
735 1671 755 1706 et
773 1667 852 1707 verbum

120 1734 260 1784 improborum
283 1745 326 1771 narn
349 1732 434 1772 scribunt
454 1744 509 1772 snum
528 1719 648 1772 mendacium
669 1738 690 1773 nt
709 1733 785 1774 audiant
804 1746 852 1774 neve

122 1802 256 1842 obtiviscantur
271 1801 367 1839 stultitiae.
441 1793 443 1795 ’

163 1869 196 1917 25)
211 1868 245 1908 His
259 1880 294 1918 pax
308 1879 349 1934 non*
363 1868 408 1914 erit3
428 1868 463 1908 sed
478 1872 529 1908 certe
544 1867 607 1907 subito
622 1868 732 1921 morientur.

413 1990 474 2028 GAP.
497 1988 568 2030 XCVII.

180 2084 196 2131 1)
211 2082 250 2124 Vae
263 2081 299 2126 iis‚
320 2082 352 2131 qni
366 2081 424 2131 impie
439 2084 505 2131 agunt,
526 2080 559 2130 qui
571 2079 658 2119 falsitatis
673 2080 752 2121 verbum
767 2080 850 2127 laudaut,

91 2175 92 2182 1
122 2152 229 2193 accolunt.
257 2149 327 2189 Perditi
342 2149 399 2194 estis7
419 2159 482 2198 neque
496 2158 579 2197 unquam
593 2147 653 2197 proba
667 2149 704 2188 vita
718 2138 778 2188 vobis.

176 2230 195 2278 2)
210 2229 249 2272 Vae
263 2229 327 2274 vobis,
341 2228 381 2278 ¹qui
395 2227 507 2277 integritatis
522 2227 579 2265 verba
592 2226 673 2265 mutatis.
693 2228 852 2265 ¹contineater-

121 2311 167 2339 num
182 2299 280 2338 decretum
294 2300 381 2348 peccant,

177 2379 196 2427 3)
211 2378 236 2418 Et
250 2376 345 2420 efficiunt,
367 2379 389 2412 ot
403 2374 464 2424 capita
478 2384 555 2417 eorum,
578 2373 612 2422 qui>
624 2377 736 2421 peccatores
751 2384 789 2410 non
804 2377 853 2415 sunt,

121 2449 140 2486 in
154 2452 205 2487 terra
220 2448 347 2484 conterantur.

124 2547 126 2555 ·
178 2525 197 2572 4)
211 2523 254 2562 istis
265 2521 332 2560 diebus
345 2534 386 2566 vos,
400 2519 452 2570 justi,
468 2517 521 2569 digni
530 2517 680 2563 aestimabimini,
697 2527 776 2568 qnorrun
785 2527 854 2567 preces

121 2591 260 2645 respiciantum
284 2600 356 2640 easque
375 2587 469 2627 habebitis
489 2582 586 2637 depositas
606 2586 625 2624 in
644 2586 774 2625 testimonium
790 2596 854 2624 coram

123 2660 207 2712 angelis,
231 2663 252 2697 ut
271 2658 346 2696 scelera
364 2661 495 2710 peccatorum¹
506 2655 526 2693 in
540 2653 648 2704 praesentia
663 2653 755 2692 altissimi
770 2663 855 2690 comme-

122 2733 227 2767 morentur.
634 2712 636 2716 ,

178 2805 198 2853 5)
211 2805 255 2843 Istis
270 2804 339 2842 diebus
354 2800 514 2854 perturbabuntur
533 2798 609 2855 popuii,
637 2802 656 2839 et
675 2798 758 2849 gentium
778 2806 856 2847 genera·

121 2875 183 2914 tiones
198 2883 243 2923 prae
257 2871 325 2910 timore
341 2870 473 2911 excitabuntur
487 2867 517 2906 die
532 2857 629 2918 periiiciei.

572 2915 583 2956 i

582 2957 589 2984 i

586 2984 590 2996 1
