1807 3145
300 196 325 234 De
337 197 429 242 prophetiis
440 196 513 248 llerlini.
746 203 794 249 421>

54 307 161 359 diademata
175 320 288 372 gestabunt,
303 331 397 361 servaro
411 318 484 361 residui
497 318 520 364 in
532 328 605 359 cornua
617 318 731 359 bubalorum
746 327 788 359 ver·

53 391 128 431 rentur,
143 386 176 438 qui
190 388 291 439 nephando
306 388 370 428 sonitu
380 393 420 429 tros
431 388 504 429 insulas
513 387 622 427 Britanniae
633 386 787 429 commovebunt.
834 402 840 406 ’-

52 455 168 496 Eroitabitnr
186 455 280 497 Daneium
301 467 381 503 nemus,
401 461 420 496 et
439 456 460 496 in
478 455 580 495 humanam
600 466 669 494 vocem
683 465 786 506 erumpens

54 524 155 565 clamabitt‘
173 525 275 573 „noceria
292 525 389 572 cimorra,
404 531 424 566 et
435 525 494 575 junge
508 524 565 568 lateri
578 528 611 563 tuo
626 522 752 569 Goruubiam‚
767 525 788 563 et

53 593 84 633 dio
101 593 231 645 Gn'pntonlae:
249 593 367 635 Absorbebit
379 597 399 633 te
413 593 490 634 terrear
519 591 610 633 Transfer
624 590 692 632 sedern
704 584 786 644 pastoris

53 660 87 700 nbi
101 672 160 702 naves
175 661 279 713 applicant,
294 666 313 702 ct
324 665 403 718 caetera
417 661 502 702 mambra
516 666 573 713 caput
587 665 697 713 sequentur.
724 659 786 698 Festi-

52 733 84 771 uat
93 742 175 783 narnque
189 730 237 779 elias,
254 733 290 784 qua
305 732 357 773 ciues
373 729 397 771 ob
412 729 486 772 scelera
500 728 579 783 perjurii
593 728 687 783 peribunt.
710 727 786 770 Candor

52 799 138 839 lanarum
157 800 223 839 nocuit
239 800 298 852 'atque
318 800 411 839 tincturae
432 800 517 851 ipsarum
536 799 643 839 diuersitas.
676 798 725 838 Vae!
743 809 786 854 per-j

50 866 105 916 jurae
125 868 188 919 genti!
210 868 254 918 qnia
274 869 320 906 urbs
339 868 411 917 inolpta
430 871 509 918 propter
527 879 569 907 eam
590 871 638 906 ruet.
672 864 787 921 Gaude-bunt

52 946 111 975 naves
126 934 279 986 augmentatione
293 937 356 983 tanta,
372 939 392 975 ot
404 946 463 975 unum
479 946 502 975 er
516 933 591 975 duobus
605 932 644 973 liet.
667 930 786 974 Reaedifioa-

51 1002 80 1044 hit
94 999 136 1044 earn
150 1002 239 1043 Herioius
252 999 260 1023 l
274 990 364 1044 oneratus
378 1004 449 1056 pomis,
471 1002 495 1043 ad
510 1013 590 1054 quorum
605 1002 686 1043 odorem
700 1001 786 1042 diverso·

52 1067 94 1111 rum
108 1084 208 1112 nemorum
227 1057 358 1113 convolabunl
374 1073 469 1114 volucres.
497 1071 581 1123 adjiciet
599 1071 688 1124 palatium
710 1073 784 1125 ingens,

52 1143 72 1178 et
86 1139 181 1179 sexcentis
196 1139 279 1179 turribus
294 1140 370 1181 vallabit
383 1140 449 1180 illud.“

108 1206 214 1257 „lrruirlebit
228 1221 274 1262 ergo
285 1209 394 1256 Loudonia,
410 1214 430 1250 et
443 1222 509 1251 muros
524 1221 570 1251 snos
584 1208 684 1261 tripliciter
702 1208 784 1263 augebit.

52 1277 143 1319 circuibit
152 1288 195 1318 earn
208 1276 292 1329 undique
308 1276 324 1317 T
325 1277 409 1318 arnensis
421 1276 496 1326 fluuius,
507 1282 526 1318 et
535 1290 601 1320 rumor
611 1277 675 1329 operis
686 1267 785 1334 transcen<

51 1345 84 1387 (let
97 1345 162 1397 Alpes.
193 1342 302 1385 oncatteuit
322 1346 371 1395 iutra
390 1346 450 1386 illam
461 1346 549 1385 Herioius
567 1358 624 1397 poma
642 1358 685 1391 sua,
703 1351 723 1386 et
740 1346 792 1396 sub-y

50 1416 148 1452 terraneas
162 1413 202 1453 vias
216 1411 359 1451 machinabitur.
388 1413 409 1452 ln
423 1418 509 1465 tempore
529 1413 563 1452 illo
578 1414 685 1464 vloquentur
702 1413 784 1464 lapides,

50 1485 71 1520 et
84 1492 144 1527 mare,
160 1492 198 1532 quo
210 1480 234 1520 aul
244 1480 323 1522 Galliam
338 1483 441 1534 navigatur,
456 1482 505 1522 intra
518 1480 577 1523 breve
592 1480 673 1534 spatium
685 1481 785 1522 contrahe-

49 1553 85 1586 tur.
113 1548 134 1588 ln
149 1552 229 1599 utraque
242 1550 283 1600 ripa
298 1549 384 1590 audietur
402 1550 461 1590 homo
481 1549 505 1591 'ab
525 1550 613 1597 homine,
633 1555 653 1590 et
673 1550 736 1590 solum
755 1549 785 1589 iu-

50 1614 102 1654 sulae
117 1614 228 1656 dilatabitur.
257 1617 398 1658 Revelabuntur
414 1618 488 1658 occulta
507 1618 669 1663 submarinorum,
689 1622 708 1657 et
723 1617 784 1657 Gallia

48 1696 94 1735 prae
107 1684 180 1724 timore
191 1683 264 1726 tremet.
292 1687 339 1726 Post
357 1687 405 1727 haec
426 1699 449 1727 er
463 1683 573 1739 Galaphio²
592 1699 671 1727 nemore
690 1683 783 1737 procedet

49 1753 115 1801 ardea,
136 1765 184 1806 quae
203 1752 285 1795 insulam
299 1767 334 1806 per
347 1755 445 1797 biennium
460 1755 613 1801 circumvallata
631 1758 725 1795 nocturno
737 1752 783 1797 vola-

48 1831 102 1860 more
118 1822 232 1863 convocabit
245 1823 340 1870 volatilia,
356 1828 375 1864 et
389 1836 445 1865 omne
461 1836 521 1876 genus
535 1824 635 1864 voluerum
649 1823 686 1862 sibi
698 1820 783 1860 associa-

48 1886 95 1927 bit
112 1888 134 1928 ln
155 1890 238 1930 culturas
259 1890 368 1931 mortalium
387 1891 471 1938 irruent,
491 1897 510 1933 et
529 1891 592 1932 omnia
611 1902 670 1943 grana
688 1889 782 1930 messium

49 1954 170 1998 devorabunt.
200 1959 296 2010 Sequetur
305 1960 366 2000 tames
376 1972 456 2012 magna,
471 1965 527 2013 atque
538 1959 578 2001 dira
587 1959 691 2000 mortalitas
704 1958 789 2006 samem...

47 2026 72 2063 At
87 2037 130 2064 cum
143 2031 194 2066 tanta
209 2027 305 2067 calamitas
321 2029 436 2074 cessaverit,
452 2028 510 2070 adibit
524 2028 642 2070 detestabilis
657 2027 697 2069 ales
711 2026 781 2067 uallem

48 2089 160 2135 ilalalias,5
179 2097 236 2144 atque
257 2093 319 2145 ipsam
338 2093 362 2135 inv
373 2095 472 2136 excelsum
485 2099 571 2136 montem
585 2094 660 2137 levabit
689 2094 711 2135 lu
725 2103 781 2133 cacu-

47 2160 98 2200 rnina
113 2171 190 2212 quoque
204 2160 265 2212 ipsius
275 2163 367 2213 plantabit
377 2160 480 2216 quercum,
496 2169 552 2217 atque
563 2164 612 2204 infra
621 2175 686 2204 ramos
697 2159 782 2202 nidifica-

46 2227 79 2268 bit.
108 2227 202 2271 urteola
216 2231 367 2283 procreabuntur
381 2232 402 2273 in
416 2232 473 2280 nido,
493 2245 516 2274 eu
535 2232 603 2284 quibus
624 2232 703 2284 vulpes,
724 2229 781 2280 lupus

47 2298 67 2333 et
80 2306 136 2335 ursus
152 2297 279 2346 egredientur.
307 2301 411 2341 Devorabit
428 2302 496 2352 vulpes
514 2306 594 2341 matrem
608 2305 628 2340 et
641 2301 735 2339 asininum
750 2310 781 2338 ca-

47 2365 80 2412 put
98 2363 184 2412 gestabit.
217 2364 305 2406 Monstro
324 2366 383 2418 igitur
404 2372 513 2419 assumpto,
537 2365 617 2406 terrebit
636 2366 704 2405 fratres
721 2375 779 2415 nuos,

46 2432 138 2482 ipsosque
151 2433 170 2472 in
185 2432 293 2474 Neustriam
307 2435 390 2487 fugabit;
405 2440 423 2476 at
432 2436 470 2487 ipsi
480 2436 588 2476 excitabunt
598 2446 664 2488 aprum
676 2434 788 2476 dentosum,

45 2492 67 2538 in
79 2498 122 2545 illa,
137 2503 157 2539 et
166 2498 252 2554 {navigio
261 2502 334 2544 revecti
348 2514 392 2544 oum
411 2503 467 2556 vulpe
489 2502 649 2556 congredientum
668 2516 716 2557 quae
736 2515 780 2545 oum

47 2569 143 2606 certarnen
152 2568 221 2614 inierit,
235 2569 295 2622 finget
309 2583 331 2610 se
346 2571 455 2612 defunctam
470 2577 489 2612 et
503 2584 569 2623 aprum
583 2574 705 2625 inpietatem
714 2569 789 2616 moues
836 2607 841 2621 ,

45 2634 95 2677 hius
106 2634 155 2678 Mor⁴
173 2635 231 2684 adibit
249 2638 292 2690 ipse
313 2637 403 2687 cadauer,
424 2644 444 2682 et
458 2639 504 2681 dum
518 2642 745 2694 superstabitanhalabit
758 2646 785 2684 in,

90 2777 237 2818 ortulanum.
260 2776 322 2821 2)rll.
333 2777 414 2817 Calatino.
436 2780 587 2825 3111111111.
610 2797 613 2819 s
642 2791 673 2831 J„
704 2790 709 2821 .’
736 2817 740 2821 .
