1807 3145
128 291 168 330 258
208 298 210 301 ’
428 282 492 315 Eusebi
504 280 551 314 liber:

183 404 202 451 ἓ)
217 402 264 442 Nam
283 401 339 439 bomo
360 408 398 437 uon
417 396 505 437 retinebit
523 407 599 436 manum
623 407 676 435 suam
695 407 705 434 a
724 397 788 435 liberis
809 398 854 442 suis,

128 482 190 522 neque
205 482 215 509 a
230 467 333 510 liberorum
347 466 424 512 liberis;
442 465 586 505 misericordiae
600 464 646 509 erit,
666 464 682 502 si
697 475 731 501 eos
747 462 827 522 necabit.

183 539 203 586 3)
218 538 284 588 Neque
303 540 393 586 peccator
411 544 487 573 manum
506 533 596 573 retinebit
610 544 620 571 a
634 531 691 570 fratre
705 542 741 570 suo
756 531 855 570 honorato.

127 606 157 646 nb
178 610 220 645 ortu
240 605 286 643 solis
305 615 367 654 usque
387 602 411 642 ad
425 613 515 640 occasum
531 600 599 640 caedes
619 598 763 639 continuabitur.
791 599 855 648 Equus

128 686 191 725 usque
205 673 322 723 aduectus,
338 676 356 710 et
371 682 436 709 currus
451 680 512 719 usque
527 669 550 708 ad
565 680 618 709 anem
632 671 756 718 peccatorum
770 665 855 716 sanguini

124 742 256 792 immergetur.

420 793 483 833 cnP.
506 792 568 833 XCIX.

185 877 204 924 1)
218 875 262 914 lstis
281 874 348 912 diebus
368 873 429 923 angeli
449 873 568 913 descendent
582 874 601 912 in
616 874 658 912 loca
677 871 789 913 abscondita
804 872 856 921 etin

128 955 187 982 unum
201 942 266 981 locum
281 940 425 991 congregabunt
440 951 517 984 omnes,
537 940 569 990 qui
585 939 656 979 crimen
672 939 788 990 adjuverunt.

183 1009 203 1059 2)
218 1008 261 1050 lstis
282 1008 349 1049 diebus
370 1008 479 1048 Altissimus
498 1013 563 1060 surget
581 1007 604 1048 ad
623 1008 751 1048 exercendum
768 1017 858 1059 magnum

126 1078 221 1127 iudicium
248 1077 271 1116 de
300 1076 386 1115 omnibus
415 1076 563 1126 peccatoribus,
596 1081 616 1115 et
641 1075 747 1116 custodiam
774 1076 858 1115 omnium

127 1144 224 1194 justorum
243 1148 262 1181 ct
281 1148 390 1182 sanctorum
408 1143 471 1182 tradet
488 1144 559 1182 sanctis
579 1143 662 1194 augelis,
688 1148 708 1183 ut
721 1148 809 1184 tueantur
824 1154 858 1181 cos

131 1212 180 1251 siout
193 1209 293 1261 pupillam,
315 1209 377 1250 donec
393 1222 449 1251 omne
464 1211 535 1251 malurn
549 1215 569 1250 et
583 1222 639 1249 omne
654 1211 726 1250 crimen
742 1209 765 1267 ad
779 1209 858 1249 nihilum

128 1279 227 1319 redactum
242 1278 283 1317 erit.

122 1397 124 1404 k
184 1346 203 1394 3)
218 1346 296 1386 Etiamsi
303 1345 351 1395 justi
365 1345 403 1385 alto
418 1346 476 1400 sopiti
490 1346 528 1385 sint
542 1357 616 1392 somno,
631 1346 658 1385 nil
672 1350 735 1386 tamen
750 1345 791 1391 crit,
807 1344 858 1395 quod

128 1418 223 1459 metuant,
244 1417 263 1451 et
276 1413 372 1462 sapientes
387 1414 521 1463 introspiciunt
533 1425 604 1455 uerum.
819 1445 820 1448 η

185 1482 204 1528 l)
218 1482 242 1522 Et
260 1484 322 1519 terrae
341 1479 376 1519 filii
391 1479 489 1532 quodlibet
508 1479 565 1532 hujus
584 1480 628 1520 libri
648 1484 727 1522 uerbum
746 1480 858 1532 intelligent

129 1551 219 1595 scientes,
234 1549 303 1589 divitiis
319 1560 341 1588 se
355 1562 394 1589 uon
408 1562 467 1600 posse
481 1549 552 1591 seruari
566 1549 586 1589 in
599 1549 698 1589 criminum
710 1561 788 1589 suorum
800 1549 858 1589 ruina.

183 1619 203 1669 5)
218 1619 257 1661 vae
277 1617 341 1665 vobis,
364 1621 486 1671 peccatores,
509 1629 553 1657 nam
573 1617 682 1670 affligemini
700 1622 778 1669 propter
796 1617 859 1667 justos

129 1698 209 1738 nragnae
223 1686 370 1738 perturbationis
385 1686 424 1732 die,
444 1687 489 1737 igne
504 1687 651 1731 comburemini,
671 1691 691 1725 et
703 1687 796 1726 factorum
811 1698 862 1724 mer-¹

131 1755 199 1797 cedem
213 1755 285 1795 feretis.

186 1822 206 1870 6)
219 1822 259 1862 Vae
273 1823 340 1868 vobis,
355 1823 441 1873 peruersi
456 1822 523 1865 corde,
546 1823 577 1872 qui
593 1821 660 1872 uigiles
675 1822 722 1860 estis
737 1821 760 1860 ad
776 1822 861 1861 obtinen-

131 1889 174 1929 dam
189 1892 296 1930 accuratam
311 1887 355 1928 mali
371 1888 499 1940 cognitionem
514 1892 533 1927 ct
548 1887 666 1939 detegendos
681 1893 771 1928 terrores.
800 1888 860 1929 Nemo

132 1970 166 1997 vos
182 1956 282 2007 adjurabit.

137 2034 139 2037 “
187 2024 206 2072 l)
221 2023 260 2065 Vae
275 2023 339 2069 vobis,
364 2028 486 2074 peccatores,
509 2035 553 2061 nam
567 2024 630 2063 verbis
650 2035 704 2062 orum
722 2028 829 2063 vestrorum
844 2028 863 2062 ct

133 2104 191 2143 opere
210 2103 299 2131 manuum
321 2095 425 2132 vestrarum
449 2092 506 2143 impie
525 2091 609 2137 fecistis;
637 2091 720 2142 ideoque
739 2091 757 2130 in
780 2090 863 2131 ardentis

132 2159 181 2211 ignis
196 2158 271 2199 flamma
287 2159 430 2198 cornburcmini.

189 2229 208 2275 8)
223 2227 307 2273 Scitote,
327 2227 406 2278 angelos
420 2227 439 2266 in
455 2226 511 2264 coelo
525 2226 575 2264 facta
588 2231 651 2266 vestra
664 2227 799 2276 inquisituros,
820 2237 863 2265 num
884 2275 886 2277 ι

134 2293 201 2338 solem,
219 2292 290 2337 lunam,
307 2293 372 2330 stellas
388 2290 544 2343 [interrogabunt]
558 2292 582 2330 de
595 2293 680 2341 peccatis
696 2293 770 2338 vestris,
786 2292 829 2342 quia
844 2294 863 2331 in

134 2365 186 2400 terra
199 2355 293 2409 J'udioium
307 2359 401 2397 exercetis
416 2358 440 2396 de
452 2356 515 2408 justis.

190 2427 209 2475 o)
226 2426 328 2474 Quaelibet
342 2427 403 2466 nubes
416 2426 516 2466 testabitur
529 2429 595 2465 contra
607 2438 647 2471 vos,
662 2427 702 2472 uin,
717 2438 749 2466 ros
765 2430 784 2466 et
793 2426 865 2478 pluvia3

136 2506 180 2533 nam
195 2506 230 2535 eae
250 2506 317 2534 omnes
338 2493 468 2534 retinebuntur
488 2492 577 2539 euobis,
603 2505 627 2532 nc
648 2494 667 2532 iu
685 2506 720 2535 vos
741 2493 865 2539 descendant,

135 2573 198 2611 neque
214 2562 324 2601 criminibus
339 2563 406 2602 restris
421 2562 510 2603 serviant.
626 2554 627 2557 '

179 2629 211 2677 10)
226 2628 249 2667 llt
265 2628 305 2678 jam
325 2630 375 2668 dona
395 2629 443 2669 ferte
467 2627 552 2679 pluviae,
583 2631 604 2666 ut
623 2640 646 2667 ue
670 2629 747 2669 retineri
769 2641 790 2669 se
811 2630 866 2674 sinat,

136 2697 204 2736 sedin
223 2709 257 2736 vos
274 2695 387 2744 descendat,
411 2703 430 2738 et
448 2698 499 2744 rori,
524 2700 544 2735 ut
563 2707 573 2735 a
591 2697 645 2736 uobis
665 2698 746 2749 accipiat
764 2709 830 2737 aurum
849 2703 867 2737 ct

137 2769 240 2814 argentum.
270 2764 352 2812 Quando
367 2765 449 2816 glacies,
464 2765 537 2815 pruina,
552 2764 616 2815 frigus,
631 2766 682 2805 uenti
697 2766 755 2811 uiris,
771 2770 790 2805 et
805 2766 867 2805 omnia

137 2834 231 2869 tormenta
245 2842 312 2870 sorum
327 2843 430 2882 supervos
442 2832 536 2881 ingruent,
550 2830 587 2870 illis
602 2830 669 2870 diebus
679 2830 756 2880 penitus
771 2845 809 2872 nou
819 2833 868 2874 vale-

134 2896 180 2937 bitis
196 2907 261 2936 coram
276 2897 299 2936 iis
314 2903 369 2938 stare.
