1758 3137
102 176 128 215 a'rlt
372 171 451 205 dsccnsio
462 170 515 205 Isaiae
527 173 569 206 vatis
603 165 605 167 ’

104 281 221 338 implorasse,
237 289 292 339 plane
307 292 457 328 consentaneum
472 283 528 328 uobis
542 288 615 331 videtur
626 299 669 328 curn
680 288 775 329 Trinitatis
787 287 832 328 doc-

103 361 156 399 111111,
171 359 207 397 Gur
215 369 254 397 non
263 368 284 397 ex
293 349 418 410 earlemparte
427 356 572 397 consideremus
582 356 690 409 apocryphi
699 358 760 397 nostri
769 362 832 397 atrcto-

104 428 130 465 ris
145 425 211 470 rerba,
227 425 297 474 quiin
312 424 417 463 visione
432 424 513 463 eandem
527 426 631 464 Personam
646 424 727 465 divinam
742 432 762 465 ut
776 437 833 478 ange-

104 494 143 532 lum
157 493 206 531 inter
220 491 298 542 angelos
313 490 391 538 inducit,
408 502 463 541 quam
478 492 524 530 alias
539 491 671 531 celebrandam
686 496 705 531 et
718 492 833 533 adorandam

104 560 197 610 proponit.
236 557 380 610 Qualiscunque
397 561 460 598 autem
483 558 540 609 hujus
556 559 594 598 loci
609 560 633 598 sit
656 572 735 599 sensus:
760 563 835 600 certum

105 631 144 671 est,
160 623 259 665 etlilium
280 629 299 664 et
313 627 399 676 spiritum
414 632 501 666 sanctum
516 628 561 666 alibi
576 628 598 666 ah
614 632 681 666 nostro
696 633 717 669 ut
727 628 833 669 adorandos

104 706 140 733 arna
163 705 206 733 curn
225 694 280 734 Patre
297 693 389 739 describi,
415 699 434 733 et
453 699 554 745 utrumque
573 694 662 735 distincte
681 701 700 736 et
719 697 760 737 sine
776 696 834 737 dnbio

106 765 167 801 Deum
177 763 246 802 vocari.
582 769 584 772 ’

160 832 266 880 Antequam
278 831 312 867 bas
323 829 466 868 obseruationes
478 829 596 874 concludam,
612 831 836 886 quaestionembreviter

107 884 204 949 adingam,
226 910 274 947 [puae
292 898 370 936 forsitan
388 898 440 936 ultro
462 898 546 937 occurrit
563 898 641 937 lectoris
661 898 734 936 airimo:
761 897 850 937 scilicet

106 969 169 1003 utrum
189 968 255 1003 auctor
281 967 366 1003 assumto
391 963 451 1002 isaiae
473 964 549 1002 nomine
568 968 624 1015 atque
645 964 755 1003 auctoritate
775 964 836 1015 puhli-

107 1045 147 1072 cam
169 1032 300 1071 credulitatem
320 1031 420 1081 decipere,
442 1044 466 1071 arr
484 1032 530 1070 nihil
552 1031 603 1071 aliud
617 1031 654 1071 sibi
667 1032 757 1077 voluerit,
780 1044 836 1082 quarn

107 1111 154 1150 opus
170 1111 295 1150 componere,
305 1099 352 1154 ipso
368 1098 443 1149 quidem
458 1104 507 1154 teste
522 1110 543 1137 ac
559 1100 696 1146 consentiente,
710 1099 786 1142 iictnm,
803 1099 837 1138 sed

108 1167 270 1206 accommodatum
288 1167 365 1216 ingenio
385 1171 404 1204 et
424 1170 574 1204 consentaneum
593 1168 686 1205 vaticiniis
706 1167 757 1216 ejus,
778 1178 837 1205 cusas

107 1245 177 1273 nornen
192 1231 297 1284 praeterit?
330 1232 351 1270 Si
365 1232 450 1271 fraudem
464 1232 541 1271 molitus
556 1236 605 1276 erat,
629 1236 691 1277 certe,
712 1244 743 1272 me
759 1232 836 1283 quidem

106 1300 180 1349 pudice,
202 1313 240 1340 non
254 1306 304 1340 tanta
318 1301 409 1339 imlustria
429 1300 448 1339 id
466 1301 548 1356 egisset,
572 1305 592 1339 ut
606 1300 680 1339 irritum
694 1300 782 1340 redderet
796 1300 833 1339 hoe

107 1367 231 1417 propositum,
247 1366 374 1406 minutissime
389 1365 464 1405 scilicet
478 1365 618 1411 describendo,
634 1378 670 1417 qua
688 1367 763 1406 ratione
777 1371 838 1413 natus,

107 1440 232 1487 mortuusque
259 1435 284 1473 sit
305 1438 324 1473 et
344 1434 468 1473 resurrexerit
486 1433 588 1473 redemtor.
627 1433 685 1481 Quod
705 1433 838 1486 descriptionis

111 1513 180 1552 genus,
200 1502 301 1545 Hercule,¹
318 1500 367 1538 male
387 1499 466 1550 quadrat
484 1501 503 1538 in
524 1501 594 1540 veteris
612 1501 723 1551 prophetiae
747 1500 838 1546 indolem,
858 1529 863 1538 .

93 1580 158 1620 ,aptiae
173 1569 250 1620 abrupte
265 1567 351 1618 augurari
367 1571 386 1606 et
405 1566 487 1606 obscure
508 1566 621 1606 adumbrare
635 1580 666 1607 res
686 1567 740 1608 solet.
770 1567 840 1608 Futura

112 1636 143 1685 qui
156 1635 255 1686 praedicit,
270 1634 327 1684 longe
343 1632 379 1672 alia
392 1632 450 1671 utitur
464 1632 549 1671 dictione
564 1637 620 1684 atque
633 1633 657 1679 is,
673 1633 704 1685 qui
717 1633 767 1673 facta
776 1633 839 1674 refert.

111 1703 174 1751 erare
193 1703 297 1744 verisimile
318 1705 357 1746 est,
377 1712 421 1740 eum
440 1712 479 1740 non
494 1700 584 1751 decipere
598 1701 682 1755 voluisse
696 1702 790 1747 homines,
806 1701 841 1740 sed

109 1764 319 1821 tanquamprophetica
334 1770 409 1816 risione
424 1781 489 1814 usum,
506 1781 550 1808 suas
566 1770 692 1819 cogitationes
707 1770 742 1808 sub
753 1770 840 1808 simulato

110 1840 170 1879 Isaiae
190 1838 294 1889 prophetae
316 1837 393 1875 nornine
413 1837 433 1874 in
452 1837 516 1875 lucem
533 1836 623 1886 proferre.
659 1837 759 1887 Ejusmodi
773 1849 842 1888 propo-

111 1906 168 1944 situm
187 1918 226 1943 non
246 1903 314 1942 melius
330 1901 406 1941 rissendi
420 1912 553 1952 posse‘reor,
574 1914 631 1952 quam
648 1902 786 1943 dissertationis
801 1916 843 1943 rer-

110 1973 153 2017 his,
177 1972 205 2011 de.
221 1977 287 2022 quarto
306 1970 378 2010 Esdrae
396 1971 445 2009 libro
466 1981 475 2009 a
489 1971 521 2008 Dr.
537 1970 640 2009 Francisco
655 1971 701 2010 Lee
716 1972 841 2022 corapositae,

114 2039 146 2089 qui
164 2039 235 2078 haecce
255 2038 364 2077 haedere
380 2038 472 2088 disputat:
502 2038 560 2082 „satis
581 2039 677 2089 cognitum
695 2039 776 2087 habetis,
796 2038 842 2078 nihil

114 2107 200 2145 usitatius
214 2106 274 2145 fuisse
290 2104 338 2155 apud
353 2105 452 2155 antiquos,
472 2104 519 2143 nibil
537 2104 766 2151 innocentius'habitum,
789 2118 843 2156 quam

114 2175 147 2214 tali
167 2173 225 2212 modo
246 2172 329 2212 auctoris
349 2171 448 2221 cujusdam
467 2183 538 2210 nornen
558 2183 672 2222 supponere.
702 2172 760 2220 Quod
778 2173 794 2211 si
814 2184 842 2211 se-

115 2241 217 2292 quentibus
234 2238 353 2289 temporibus
374 2249 460 2276 errorum
479 2237 597 2287 quormrdam
616 2240 739 2278 occasionem
752 2238 844 2288 praebuit,

115 2306 160 2359 quid
173 2304 257 2345 mirum?
277 2315 339 2355 neqrre
354 2315 399 2343 vero
414 2301 434 2340 id
447 2301 477 2339 his
491 2301 564 2357 crimini
580 2302 620 2341 dari
633 2303 687 2350 licet,
704 2304 736 2355 qui
749 2304 845 2344 neminem

116 2374 205 2426 decipere
225 2374 336 2418 voluerunt,
358 2376 398 2418 aut,
421 2370 473 2421 qnod
489 2368 541 2408 idem
560 2374 599 2416 est,
619 2372 704 2412 vorasse
724 2374 801 2413 minime
819 2372 846 2412 vi-

117 2443 190 2482 dentur.
219 2441 300 2488 Quidam
307 2439 465 2493 praestantissimi
473 2438 587 2487 antiquitatis
596 2439 698 2489 scriptores
709 2440 779 2479 eodem
788 2439 846 2479 modo

116 2511 212 2556 lusernnt;
232 2509 334 2560 praecipue
356 2507 380 2547 de
398 2504 499 2547 rarcademia
519 2503 555 2544 hoc
578 2510 657 2546 constat
694 2505 737 2546 Non
754 2520 777 2548 eo
791 2506 846 2557 pejus

118 2577 142 2615 de
155 2566 234 2615 Platone
246 2575 359 2625 judicamus,
375 2573 427 2625 quod
447 2573 558 2615 Socratem,
582 2577 613 2610 aut
632 2572 656 2610 de
673 2573 782 2619 Cicerone,
797 2572 848 2624 quod

119 2645 211 2684 Catonem
224 2643 335 2694 loquentem
348 2642 427 2681 inducit.
469 2641 493 2680 Et
512 2639 586 2678 etiarnsi
604 2639 687 2681 Platonis
708 2646 727 2681 et
748 2634 847 2681 Ciceronis

118 2712 196 2752 nomina
215 2715 301 2762 ternpore
323 2711 414 2751 exstincta
436 2712 511 2753 essent,
532 2711 613 2747 restaret
629 2713 693 2748 tamen
713 2713 733 2748 et
747 2709 848 2762 Sapien—

119 2780 168 2820 tiae
189 2778 341 2818 Salomonis
355 2762 380 2819 xet
398 2779 408 2818 J
414 2778 454 2817 obi
472 2776 530 2823 liber,
547 2787 595 2828 quos
611 2775 698 2826 ejusdem
713 2779 788 2828 generis
804 2789 848 2818 asse
