1807 3145
280 214 307 246 lat.
320 212 373 246 editus
385 223 394 245 a
406 213 453 247 Rich.
466 213 555 246 torbace.
759 219 784 255 99

91 355 92 358 =
109 328 143 375 68)
163 328 247 375 Quartus
262 325 497 376 ord0,1‘quod,vident
511 329 664 378 tranquillitatem
678 340 744 372 suam,
766 329 786 365 in

56 408 92 447 qua
107 396 129 435 ah
144 395 182 435 isto
196 399 284 446 tempore
299 394 400 444 quiescent
420 395 439 434 in
453 395 565 436 habitaculis
581 398 621 436 suis
635 397 694 435 multa
707 395 785 441 taetitia,

56 463 177 514 dumdngeli
188 462 290 504 servabunt
303 473 343 505 eos,
359 466 415 511 atque
427 462 484 502 etiam
496 462 582 512 gloriam,
599 475 648 515 quae
658 475 692 502 eos
703 458 786 502 manet²

62 609 67 611 ῃ
111 553 144 602 69)
161 553 244 602 Quintus
259 549 333 598 orde,³
356 550 407 604 quod
421 553 513 604 gaudent,
529 554 626 605 quomodo
641 555 748 608 effugerunt
762 566 785 595 ex

58 622 174 660 mortalitate
188 621 294 671 praesenti,
314 624 333 658 et
347 619 463 660 haereditate
479 627 593 672 aeceperunt
606 622 635 668 id,
655 624 706 674 qrrod
719 626 788 673 postea

57 690 80 729 ab
94 689 119 728 iis
133 688 267 739 reperiendum
282 683 344 727 erat.4

110 765 147 817 ,70)
160 765 220 806 Porro
235 766 292 806 etiam
306 764 376 811 vident,
392 766 552 815 quemadmodum
565 768 653 819 perpessi
667 774 711 808 sunt
723 769 788 808 looum

58 838 168 886 angustum,
194 834 226 884 qui
246 832 314 883 plenus
335 838 365 872 est
385 831 463 879 dolore,
485 839 505 873 et
519 833 679 885 quemadmodum
696 837 789 888 reperturi

63 904 107 940 sunt
121 901 204 951 amplum
217 900 271 938 illum
285 900 359 945 locum,
382 900 528 951 gandebantqne
542 903 584 940 sine
598 900 682 941 morte⁵

114 979 148 1026 71)
169 979 238 1017 Sextus
254 975 317 1016 ordo‘j
333 979 384 1030 quod
397 979 456 1018 faoies
471 992 538 1019 eorum
552 981 670 1032 splendebit,
690 982 740 1019 sieut
753 982 789 1026 sol,

59 1050 79 1086 et
93 1045 180 1085 similiter
193 1045 283 1097 fulgebit,
303 1046 353 1085 siout
367 1045 469 1093 stellarum,
485 1059 552 1087 eorum
566 1048 607 1094 lux3
628 1060 725 1100 nunquam
740 1043 791 1089 enirn

61 1110 187 1154 morientur.⁷
208 1117 213 1120 ⁴
446 1111 447 1115 ’

42 1243 44 1246 ἱ
117 1193 151 1241 72)
178 1194 275 1243 Septimus
296 1191 371 1239 ordo,s
400 1195 431 1244 qui
459 1195 550 1234 omnibus
568 1197 655 1245 superior
676 1201 716 1242 est,
741 1196 793 1247 qnod

63 1262 169 1313 gloriantur
177 1260 240 1310 palam
254 1261 297 1300 sine
306 1259 380 1310 pudore
391 1260 414 1301 de
428 1261 496 1311 gaudio
509 1261 637 1301 confessionis
648 1274 704 1309 suae;
717 1263 794 1303 festina·

59 1329 108 1368 bunt
127 1327 178 1367 enirn
192 1325 257 1367 videre
276 1326 345 1365 faeiem
360 1325 413 1376 ejus,
437 1326 482 1378 [oni]
498 1327 617 1369 seruirerunt
630 1328 650 1367 in
664 1340 698 1368 sua
713 1330 761 1377 vita,
783 1342 793 1369 a
831 1356 834 1360 -

63 1394 101 1448 quo
117 1393 269 1439 honorabuntur,
290 1397 309 1433 et
322 1393 411 1445 praemiis
426 1390 552 1443 allicientur.⁹

119 1486 153 1534 73)
168 1485 193 1525 Hi
207 1488 252 1523 sunt
266 1482 344 1523 ordines
360 1485 464 1524 animarum
475 1485 580 1535 justorum,
596 1496 645 1536 quos
660 1485 682 1525 ab
696 1486 734 1526 isto
747 1491 794 1526 tern-

60 1566 108 1606 pore
123 1556 254 1606 assequentur.
263 1549 299 1583 o10

222 1772 292 1806 Collatia
304 1773 380 1805 arabione
391 1774 470 1806 versionis
480 1783 510 1817 per
521 1778 572 1816 tottam
583 1778 638 1817 erepat.

109 1838 127 1879 1)
144 1840 208 1883 gradus
235 1838 253 1882 2)
269 1839 375 1883 perfruuntur
390 1840 475 1883 voluptate
490 1839 618 1881 consolationis,
639 1845 656 1872 et
671 1839 746 1873 bonitate
761 1840 811 1883 ejus,

65 1901 82 1927 et
93 1895 169 1940 reliquis,
183 1906 226 1938 qnae
237 1896 324 1936 inceptura
335 1901 382 1934 sunt;
400 1906 443 1938 qnae
454 1896 551 1937 perimituri
563 1897 629 1927 suntin
640 1895 739 1927 habitaculis
747 1897 798 1929 vivo-

65 1961 104 1992 rum.
128 1951 148 1993 3)
160 1952 226 1995 gradus.
250 1950 269 1992 ll]
288 1952 356 1994 qualitas
368 1953 435 1994 generis
447 1952 514 1994 gaudii,
531 1953 608 1995 quoniam
620 1951 703 1994 corruptio
714 1950 764 1994 longe
777 1951 798 1984 ab

65 2009 85 2040 iis
96 2014 200 2047 removetur,
220 2008 241 2040 ab
257 2007 288 2040 boo
303 2008 387 2049 praesenti
404 2012 488 2050 ternpore,
509 2013 558 2051 atque
574 2018 593 2041 se
609 2008 653 2050 ipsos
664 2011 765 2050 praeparant
777 2007 798 2040 ad

65 2062 211 2104 lrnendnmuita,
231 2073 274 2107 qnae
286 2063 372 2106 inceptura
384 2067 418 2096 est:
438 2066 455 2096 et
465 2062 546 2097 ridebunt
561 2062 616 2105 illurn,
638 2062 753 2106 quernoeulus
765 2072 799 2096 nen

65 2119 113 2151 vidit.
137 2119 155 2158 5)
174 2119 219 2152 Tune
230 2118 360 2151 considerabunt
371 2119 414 2151 viam
431 2123 527 2162 angustam,
545 2130 576 2161 per
588 2129 635 2161 quam
647 2120 762 2170 incesserunt,
781 2125 799 2152 et

66 2175 147 2218 quomodo
165 2185 194 2217 eos
212 2176 233 2208 ad
249 2176 299 2208 uitam
319 2174 397 2215 adduxit,
425 2184 461 2219 epm
477 2174 565 2221 molestiis,
589 2185 631 2218 qnae
647 2175 668 2208 iis
688 2176 799 2219 contigerunt,

67 2231 176 2275 et=quomodo
188 2233 209 2264 iis
221 2228 288 2265 fuerunt
299 2241 359 2264 oansae
367 2231 480 2272 immunitatis,
493 2237 511 2263 et
519 2230 607 2267 libertatis,
620 2231 727 2275 Praeparetur
735 2243 800 2277 quoque

67 2288 87 2319 iis
98 2288 187 2330 amplitudo
194 2312 197 2319 .
204 2311 241 2328 ...,
253 2293 272 2320 ut
283 2297 292 2319 a
303 2291 354 2319 morte
365 2287 444 2319 immunes
455 2288 488 2319 sint
499 2287 517 2318 in
528 2287 585 2319 seoula
594 2287 692 2322 secutorum.
704 2286 724 2329 6)
734 2290 800 2332 gradus¹

67 2341 86 2383 l]
98 2344 152 2376 sciunt
163 2343 215 2376 lanies
226 2351 263 2376 suas
275 2342 369 2384 splendere,
381 2346 400 2390 et
405 2351 458 2384 aeque
470 2341 553 2384 fulgentes
563 2342 599 2372 fore
610 2352 630 2374 ae
639 2342 699 2382 solem,
711 2348 729 2374 et
740 2344 801 2377 similes

67 2398 152 2442 splendori
163 2400 257 2432 micantium
269 2396 361 2437 stellarum,
374 2408 417 2440 qnae
428 2396 490 2437 lucent,
503 2406 557 2439 neque
569 2395 643 2439 lapsuros
655 2407 687 2440 nee
699 2400 801 2443 corruptioni

68 2455 149 2489 obnoxios
161 2456 229 2489 lntnros.
252 2453 270 2498 8)
283 2454 348 2498 gradus.
372 2453 390 2490 9)
405 2453 509 2487 laetabuntur
524 2455 542 2485 in
558 2454 713 2504 magnitudine..,.
730 2457 802 2490 incon-

68 2513 148 2549 solatione
165 2515 202 2550 sine
213 2513 333 2554 sollieitudine,
354 2523 386 2546 noo
401 2511 453 2546 laoies
470 2520 527 2544 eorum
541 2510 674 2545 ‘contundentur
708 2511 809 2547 Laudantes

25 2590 26 2593 κ
68 2569 120 2602 Deum
132 2577 149 2602 et
161 2571 252 2615 gaudentes
263 2572 280 2601 in
292 2574 399 2611 perpetuum,
417 2571 501 2600 intuentes
513 2568 582 2610 gloriam
593 2568 635 2609 liei,
652 2569 699 2610 eujus
710 2570 803 2602 satietatem

69 2634 130 2668 capere
147 2635 196 2659 nemo
212 2619 272 2668 potest.
296 2623 338 2661 buia
356 2625 415 2657 faeiem
432 2622 468 2665 ejus
479 2622 600 2664 intuebuntur,
624 2624 651 2655 eui
668 2625 713 2657 servi
728 2624 802 2666 luerunt,

70 2685 86 2713 et
98 2682 173 2716 enmillo
185 2678 253 2722 vivent,
272 2682 300 2724 qui
312 2680 411 2725 glorificabit
422 2689 462 2720 eos,
480 2684 497 2712 et
508 2680 585 2722 praemiis
596 2679 662 2712 alfioiet.
688 2677 716 2720 10)
734 2680 754 2713 lli
766 2686 804 2713 sunt

71 2738 130 2780 gradus
142 2739 221 2783 gloriosi,
241 2740 269 2782 qui
281 2739 339 2771 animis
349 2736 429 2779 justorum
441 2741 501 2777 erunt,
520 2737 548 2779 qui
559 2736 591 2768 illis
602 2740 640 2769 sunt
650 2737 731 2780 promissi

137 2819 173 2851 Not.
198 2817 218 2860 o)
234 2827 274 2862 quos
287 2817 307 2849 ab
319 2817 349 2848 ista
362 2821 435 2858 ternpore
447 2816 529 2858 reperturi
541 2819 594 2848 erunt.

634 2871 668 2911 7*
