1807 3145
105 190 146 230 ala
394 168 395 172 Ἰ
414 183 521 226 Vitallosis.

106 303 183 344 demum
203 313 264 341 annos
281 302 385 354 imperarit.
415 302 484 349 lsrael,
504 301 601 343 desertum
615 302 736 354 ingressum,
756 302 835 345 Amalec
902 345 903 348 ,

105 372 156 410 tilius
179 373 230 411 Esau
253 371 305 409 bello
330 381 432 421 aggressus
458 375 488 409 cst
509 371 550 408 acie
572 370 626 419 quus
647 379 748 409 numerum
770 373 836 411 17800
901 371 904 402 ἓ

105 438 202 491 Myriadas
212 436 342 490 prodiderunt,
357 449 463 489 omnesque
476 437 642 484 incantationibus,
658 436 804 478 divinationibus
815 449 836 479 ao
902 435 904 458 ³

105 508 126 556 id
139 520 201 560 genus
218 506 312 552 addictas;
333 506 369 546 sed
386 506 480 546 immonsa
498 507 546 546 baec
566 506 621 546 turba
640 507 721 548 alllose
741 518 764 545 ac
778 506 837 547 Josue

105 576 175 616 auxilio
190 575 253 617 diuino
267 575 400 615 internecione
414 575 512 627 profligata
528 580 562 616 ast.
590 576 679 615 Eandem
689 575 783 616 Cananaei
798 586 838 615 sor-

104 647 145 683 tem
166 655 211 682 oum
225 641 272 680 Sion
291 645 310 681 et
330 643 360 694 Og
376 642 460 694 Regibus
481 643 553 694 experti
570 646 625 687 sunt,
648 654 729 694 quorum
753 642 839 682 omnium

104 712 204 753 victoriam
224 711 295 762 populo
315 722 350 750 suo
364 711 418 750 Deus
438 710 519 751 tradidit.
556 710 622 751 Tertio
643 723 711 752 inausa
733 701 838 758 inmorata
892 710 895 712 ’

106 779 159 820 Sinai
173 780 237 830 legem
252 780 335 830 accepit,
350 780 505 831 tabernaculum,
527 792 601 826 aream,
617 780 675 820 altare
689 780 805 819 holocausto
821 783 840 819 et

105 846 232 887 incendendis
248 846 364 885 aromatibus
380 847 471 893 extruxit,
492 848 557 886 Aaron
572 850 592 886 et
605 846 639 885 iiiii
659 846 768 887 sacerdotio
787 846 843 897 digni·

105 913 169 962 habiti,
184 919 218 966 pro
233 914 299 965 populi
313 914 398 966 peccatis
412 914 494 954 numinis
508 909 690 966 pacemenorarunt.
707 912 840 966 Quadraginta

106 984 150 1022 anni
164 983 202 1023 hoc
216 982 285 1022 itinere
300 982 405 1034 absumpti,
425 995 463 1034 quo
478 984 539 1034 spatio
553 983 639 1035 integrae
654 987 719 1023 restes
740 993 763 1021 ac
779 982 840 1022 calcei

106 1051 199 1091 miraculo
221 1049 279 1090 iidem
297 1051 389 1090 iecerunt.
415 1050 458 1090 Hoc
477 1062 532 1098 anno,
554 1049 629 1090 decima
648 1051 704 1103 primi
718 1050 791 1090 mensis
807 1049 838 1090 die

91 1107 169 1159 *Maria
194 1119 253 1159 vitam
273 1119 333 1164 eruit,
358 1120 407 1158 hano
433 1123 524 1170 sequutus
545 1118 612 1159 Moses
632 1130 702 1158 annum
721 1130 780 1170 agens
801 1121 841 1158 120
861 1145 863 1148 ·

107 1185 182 1227 decima
200 1185 280 1237 septima
298 1184 408 1226 duodecimi
427 1185 466 1225 tato
482 1185 586 1231 concessit,
608 1185 662 1237 cujus
683 1185 808 1238 sepulchrum
827 1199 838 1225 e

107 1256 189 1307 ragione
203 1254 249 1295 usal
262 1255 338 1306 Phegor
351 1252 476 1294 tradiderunt.
496 1255 556 1294 losue
570 1255 662 1306 populum
677 1253 782 1307 regendum
798 1265 841 1293 sus-

107 1324 167 1372 cepit,
187 1335 209 1362 ac
228 1325 273 1372 post
291 1322 379 1362 Jordanis
394 1322 494 1361 transitum
508 1323 584 1373 triginta
598 1323 688 1362 etunius
703 1333 770 1375 regum
786 1321 842 1361 ditio-

107 1401 143 1427 nes
163 1394 266 1438 occupatas
281 1390 347 1427 Israeli
362 1390 430 1433 divisit.
451 1390 532 1427 Caetera
545 1388 607 1428 alosis
623 1395 676 1440 gesta
695 1391 737 1429 aliis
752 1389 840 1427 inlibris

108 1454 204 1508 descripta
219 1457 270 1494 sunt.
493 1447 495 1450 ’
