1807 3145
134 215 174 255 386
438 209 476 245 Vita
486 206 560 246 tt'eitmlj-

133 324 265 377 Militibusque
280 324 360 372 dabunt,
376 327 428 377 qnod
443 325 547 367 deberetur.
561 329 633 379 egenis.
650 324 652 328 ’
668 331 669 334 ’
716 354 718 361 =

133 394 207 437 Divitiis
222 396 269 446 rapti
283 396 379 436 mundano
393 396 569 445 tramitc'current‚

132 464 256 515 Eripientque
269 464 319 504 Deo
327 463 378 515 quod
386 461 528 515 saoratyara¹
542 465 618 506 vetabit.
655 467 660 473 '

134 532 182 572 Tres
198 532 284 573 diadema
298 532 365 579 ferent,
380 545 415 583 per
430 532 478 584 qrros
492 533 545 575 lator
558 535 590 574 ille¹
605 543 712 576 novorum.-

134 599 217 647 Quartus
232 601 267 639 erit
281 601 373 650 sceptris,
388 602 453 652 pietas:
464 603 494 640 cui
508 598 561 642 laeva
575 603 663 649 nocam,

133 668 200 709 Donec
216 669 241 709 sit
255 669 341 720 genitore
356 676 392 709 suo
406 668 497 717 restitus,
512 675 538 711 ut:
547 664 587 722 apri

133 738 228 778 Dentibus
243 738 341 778 accinctus
357 739 425 791 galeati
433 742 524 780 'transeat
538 735 629 780 umbram.

135 804 220 852 Quatnor
234 803 345 855 ungerunt
358 807 400 847 vioe
415 805 485 848 versa3
499 804 573 848 summa
587 802 689 860 petentes,
729 806 730 810 ’

133 873 157 912 ut
170 873 207 912 duo
223 873 337 920 succedent,
354 871 411 926 quial
425 874 453 914 sio
469 875 556 916 diadema
570 870 665 922 rotabunt,

133 940 158 981 Ut
172 938 277 982 moneant⁵
291 941 356 982 Gallos
370 943 427 984 inse
441 944 481 985 fera
494 945 545 984 hello
560 946 643 986 molere.

135 1009 204 1049 Sextus
219 1010 350 1051 Hibernenses
366 1010 466 1052 eteorum
480 1007 572 1052 nominat
587 1007 660 1058 vortet;

135 1075 173 1124 Qut
187 1078 230 1128 pius
245 1083 264 1119 et
277 1080 362 1131 prudens
376 1076 458 1132 populos
473 1076 577 1123 renovabit
586 1085 606 1121 et
619 1073 697 1120 urbest

190 1212 255 1260 „llaec
269 1213 383 1267 Vorligemo
399 1211 565 1267 cecini'protixins
580 1211 636 1262 olim,

133 1282 251 1333 Exponeudo
266 1283 323 1323 duum
338 1285 375 1324 sihi
389 1279 470 1337 mystica
484 1286 535 1326 bella
550 1285 655 1325 draconum

133 1349 155 1387 ln
168 1349 209 1400 ripa
224 1351 286 1401 stagni
301 1349 376 1401 quando
392 1345 524 1392 consedimus
530 1351 620 1391 hausti.⁷·

133 1419 159 1458 dt
173 1422 193 1458 tu
207 1417 254 1461 vade
271 1411 358 1466 domum,
373 1421 487 1461 morientem
501 1421 564 1461 visere
578 1431 654 1472 regem,

135 1489 151 1528 Ο
167 1489 237 1531 dilecta
251 1491 316 1531 sororl
331 1484 489 1542 Thelgosinoque
503 1486 569 1530 venire

133 1560 236 1608 Praecipe.
251 1553 333 1609 namque
347 1553 503 1609 loqui'destdeio
517 1553 602 1609 plurima·
612 1568 685 1597 secum.
735 1583 737 1585 v

133 1625 191 1667 Venit
205 1626 256 1666 euim
270 1626 344 1666 noviter
359 1625 382 1664 de
396 1625 481 1677 partibus
495 1620 637 1671 Armoricanis,

134 1693 202 1735 Dulcia
216 1706 254 1747 quo
269 1693 336 1734 didicit
346 1689 440 1745 'sapientis
456 1694 543 1746 dogmata
559 1692 644 1734 Gildae.¹‘

189 1833 205 1870 lt
220 1830 303 1870 Ganieda
318 1831 406 1876 domum,
422 1825 598 1881 Thel'ge'sirrumque
612 1840 721 1874 reversum,

134 1898 288 1949 Defunctumque
304 1897 377 1937 ducem
386 1898 469 1948 reperit,
485 1899 590 1949 tristesque
605 1897 693 1937 otiantes

134 1969 184 2020 Ergo
198 1967 260 2007 fluens
275 1967 358 2007 lacrimis
374 1957 474 2006 collabitur
486 1967 537 2006 inter
552 1963 636 2012 amicos,

133 2036 157 2075 ut
170 2036 228 2075 laniat
242 2036 318 2081 crines,
333 2039 352 2074 et
365 2027 441 2084 proten*
451 2034 496 2075 talia
510 2030 605 2073 dicens:S
642 2042 648 2048 ²

191 2168 278 2216 „Funma
292 2167 398 2215 Rodaichi,
413 2161 514 2214 mulieres,
529 2167 613 2218 plangite
627 2167 713 2207 meeum!

135 2237 164 2276 Ac
179 2236 248 2276 deflete
261 2237 322 2278 virum
338 2229 413 2288 qualem
427 2248 466 2275 non
479 2235 558 2286 protulit
572 2236 624 2275 orbis
688 2237 690 2239 '

135 2305 243 2350 Hactenus,
258 2306 278 2344 in
292 2308 359 2344 nostro
375 2310 465 2356 quantum
480 2304 609 2344 discernimus
625 2315 678 2344 aevo.
747 2311 756 2321 ⁵

135 2373 190 2412 Pacis
206 2376 279 2412 atuator
293 2377 343 2412 erat:
357 2372 428 2423 populo
443 2384 487 2411 nam
499 2371 544 2421 jura
556 2371 617 2411 ieroci

137 2437 169 2478 Sic
184 2439 248 2485 dabat,
263 2442 285 2479 ut
298 2438 345 2478 nulli
359 2434 402 2480 vis⁹
415 2437 518 2479 inferretur
533 2437 556 2478 ab
571 2436 617 2477 ullo.

133 2551 275 2560 -.--——-

180 2623 197 2661 1)
210 2619 237 2654 Sic
245 2623 300 2659 vetus,
313 2619 350 2654 alii:
362 2619 447 2661 thiara,
459 2620 523 2669 tiara.
547 2617 566 2661 2]
576 2618 601 2654 At.
613 2622 752 2661 unguentum
765 2613 783 2657 3)
793 2613 867 2648 Tertius:

135 2688 200 2714 versa
214 2677 276 2716 vice,
293 2674 356 2708 melius.
379 2676 399 2717 d)
417 2675 441 2709 tt.
454 2677 497 2719 qui.
521 2675 540 2717 5]
557 2675 585 2710 Sic
597 2679 655 2714 vetus;
675 2671 737 2717 allegi
750 2677 816 2716 potest:
827 2682 868 2706 rno-

133 2739 213 2774 veaut‚
226 2737 244 2765 ut
255 2732 321 2766 videtur
333 2732 376 2776 apud
389 2733 433 2766 Harl.
457 2731 476 2776 6)
488 2732 544 2766 Harl:
555 2731 633 2765 monia.
657 2729 674 2774 i)
687 2730 727 2764 Tres
739 2728 800 2763 desunt
811 2739 868 2764 vorsus

134 2796 152 2828 iu
164 2790 261 2837 quibusdam
273 2790 327 2823 codd
355 2789 375 2833 8)
394 2790 478 2824 Hactenus
496 2791 527 2822 duo
546 2785 655 2833 exemplatim
674 2787 731 2832 Cloop.
749 2788 778 2824 sic.
796 2788 868 2822 desinit=

134 2846 361 2896 plurimaplangons.
384 2847 403 2889 9]
416 2846 483 2881 Codex:
500 2847 533 2880 ius
544 2856 574 2890 pro
586 2847 624 2880 uis.
662 2883 664 2888 ,
