1807 3145
359 193 423 229 Enoohi
433 193 483 229 ubor.
749 199 787 237 185
815 210 818 217 '

111 313 131 361 2)
145 311 260 352 lutrinsecus
271 301 382 363 profundus
390 317 430 353 erat
442 313 498 352 loeus
506 310 539 352 ille
551 312 647 365 spatiosus
654 315 677 352 et
686 309 788 351 admodum
824 325 825 328 ¹

56 381 114 423 laevis
129 382 148 418 et
162 378 286 430 adaequatus,
305 367 410 429 profundus
425 383 465 420 erat
480 383 499 419 et
513 371 630 430 caliginosus
639 379 742 435 adspectu.
760 416 762 419 .

112 446 131 494 3)
147 445 196 485 Tum
209 446 298 497 Raphael,
313 456 362 485 rinus
379 457 401 486 ex
415 448 486 486 sanctis
501 444 580 498 angelis,
597 448 629 498 qni
640 456 716 485 mecum
730 449 790 491 erant,

59 513 159 566 respondit
173 513 251 553 dicens:
266 514 307 554 Hae
322 518 367 553 sont
378 513 445 555 beatae
460 514 557 565 regiones,
572 514 604 554 ubi
619 514 702 566 spiritus,
717 514 791 554 animae

58 586 186 627 mortuorum
207 580 385 636 congregatorum
405 593 440 633 pro
455 581 486 620 his
501 586 576 621 creatae
591 585 647 627 sunt
628 584 686 620 tet
699 581 731 620 hio
746 593 791 619 con-

59 648 185 703 gregabuntur
200 660 267 688 omnes
282 647 356 687 animae
371 647 454 687 liliorum
468 649 589 701 hominurn.

114 714 201 762 llllaec
221 715 275 759 loca,
299 714 332 753 nbi
351 714 447 759 habiturn
472 690 593 765 occupabunt
613 726 674 765 usqne
696 714 720 755 ad
741 691 792 754 diem

59 781 138 834 judieii,
153 793 189 832 per
203 781 337 824 destinatum'
331 781 379 835 ipsis
393 785 473 832 tempus.

114 851 134 899 5)
148 841 268 890 Destinatum
282 850 305 888 tis
320 854 394 900 tempus
410 849 518 889 diuturnum
532 849 579 895 erit,
604 849 680 891 scilieet
694 859 756 899 nsque
770 847 794 887 ad

61 921 123 971 ipsum
135 917 228 968 judicium
242 928 338 969 magnum.
361 917 384 956 Ε)
398 916 437 958 uidi
451 918 527 967 spiritus
542 917 626 956 filiorum
640 912 792 966 hominum-‘qni

60 986 129 1026 mortui
139 989 197 1029 erant,
208 989 227 1023 et
237 996 295 1023 voces
306 972 373 1024 eorum
383 984 407 1026 ad
418 985 493 1023 coelom
503 985 667 1038 portendebantur
675 988 793 1023 accusantes.

115 1051 134 1099 e)
149 1050 199 1090 Tum
212 1050 327 1101 interrogavi
341 1050 466 1100 Raphaelem,
489 1051 588 1101 angelum,
610 1052 643 1102 qni
656 1062 733 1090 mecum
748 1054 794 1095 erat,

62 1121 140 1160 dicens:
156 1119 211 1169 eujus
226 1118 346 1170 spiritus‘hic
361 1123 397 1164 est,
413 1118 468 1171 cnjus
480 1131 516 1158 vor
530 1118 650 1172 portenditur
661 1117 691 1170 [ad
704 1115 794 1166 coelum]‚

63 1192 82 1226 et
96 1177 190 1227 occursat?

117 1255 136 1301 7)
150 1253 257 1304 Respondit
272 1253 350 1292 dicens:
372 1254 404 1292 hio
420 1260 451 1295 est
470 1254 547 1304 spiritns
562 1254 640 1299 Abelis,
662 1254 695 1303 qui
717 1252 794 1292 occisus

63 1325 93 1360 cst
107 1332 118 1360 a
130 1320 178 1359 fatre
192 1331 228 1359 suo
244 1320 312 1364 Caino,
329 1325 348 1359 et
363 1321 394 1370 qun
409 1321 507 1361 accusabit
522 1334 577 1367 eum,
592 1321 654 1361 donec
670 1332 737 1360 semen
752 1318 795 1369 ejus

63 1387 158 1439 perditum
172 1388 207 1426 erit
221 1399 231 1426 a
246 1385 348 1441 superficie
362 1391 436 1433 terrae;

118 1456 137 1501 8)
151 1456 219 1495 Donec
234 1468 301 1495 semen
316 1454 357 1504 ejus
371 1456 441 1506 peribit
455 1468 466 1495 a
480 1456 553 1495 semine
568 1456 646 1495 humani
662 1456 744 1507 generis

119 1523 139 1570 9)
154 1523 196 1562 Hoc
210 1523 253 1573 ipso
268 1527 355 1572 tempore
373 1524 489 1574 interrogavi
504 1524 528 1562 de
543 1536 578 1569 co,
595 1524 652 1563 etde
669 1523 742 1572 judicio
756 1524 797 1562 uni-

63 1591 143 1637 uersali,
169 1591 248 1631 dicens:
271 1602 306 1635 our
320 1591 368 1631 alter
383 1591 406 1630 ab
421 1591 481 1631 altero
496 1596 595 1643 separatos
610 1590 654 1630 est?
682 1589 797 1641 Respondit:

64 1665 103 1698 tres
120 1657 265 1711 [separationes]
285 1659 346 1699 factae
366 1663 410 1699 sunt
428 1658 478 1699 inter
492 1659 569 1710 spiritus
583 1663 712 1704 mortuorum,
735 1662 754 1698 et
768 1658 798 1697 sic

65 1726 142 1777 spiritus
155 1726 252 1777 justornm
267 1729 349 1779 separati
364 1731 417 1767 sunt:

108 1794 140 1841 10)
155 1795 228 1845 Nempe
244 1794 292 1845 [per]
307 1795 385 1839 hiatum,
402 1792 449 1845 [per]
469 1805 542 1843 animm,
557 1799 577 1834 et
592 1792 639 1844 [per]
654 1794 718 1833 lucem
733 1791 797 1844 [quael

66 1871 123 1910 snper
137 1872 179 1900 eam
195 1859 284 1913 [aquaml.

109 1928 141 1976 11)
155 1929 179 1967 Et
193 1930 260 1967 eadem
275 1928 349 1967 ratione
360 1932 473 1977 peccatores
491 1933 607 1978 separantur,
621 1927 655 1966 ubi
668 1928 739 1967 mortui
754 1933 799 1967 sunt

68 1999 88 2034 et
97 1995 165 2044 sepulti
174 1996 194 2034 in
203 2000 264 2041 term,
278 1996 295 2034 si
302 1994 396 2044 judicium
405 2007 444 2033 non
454 1994 580 2046 deprehendit
589 2007 623 2041 eos
634 1994 695 2034 adhuc
705 1995 798 2040 viventes,

107 2062 139 2109 12)
154 2062 190 2100 Hic
205 2063 278 2100 animae
294 2074 361 2100 eorum
376 2066 493 2110 separantur.
518 2062 650 2101 Abundantior
665 2062 720 2101 dolor
732 2074 800 2101 eorum

66 2130 171 2178 estusque
186 2128 210 2168 ad
225 2127 277 2167 diem
291 2128 373 2177 magni]
366 2126 444 2175 judicii,
459 2139 491 2167 cas
493 2132 539 2179 rga
539 2133 623 2167 romsc
636 2140 711 2179 poenae
726 2140 799 2173 corum,

68 2197 100 2247 qni
117 2197 137 2238 in
152 2201 251 2237 aeternum
271 2200 393 2242 execramur,
422 2200 442 2236 ot
462 2207 543 2248 quorum
566 2196 639 2237 animae
659 2196 761 2261 punientur
782 2199 801 2235 et

66 2263 192 2304 vincientur
186 2276 207 2304 m
222 2275 279 2302 omne
295 2275 368 2303 aevum

109 2332 179 2380 itum
197 2331 226 2371 sio
246 2331 307 2370 fuerat
326 2341 336 2370 a
356 2329 422 2370 rnnrrdi
442 2329 502 2370 initio.
532 2330 564 2370 Sic
584 2331 679 2381 separatio
696 2330 731 2370 tuit
751 2330 804 2370 inter

68 2396 139 2437 animas
150 2410 222 2444 eorum,
239 2397 271 2448 qui
285 2401 433 2447 conqueruntur,
449 2400 468 2434 et
482 2407 554 2440 eorum,
570 2397 601 2446 qui
615 2397 700 2436 interitui
713 2397 801 2447 ipsorum

68 2464 172 2517 invigilant,
192 2465 216 2506 ad
231 2463 349 2505 occidendos
363 2464 412 2503 istos
426 2463 446 2503 in
461 2462 491 2503 die
506 2469 635 2515 peccatorum.

109 2533 141 2581 14)
157 2532 202 2572 Tale
215 2530 358 2581 receptaculum
371 2531 472 2569 formatum
491 2535 522 2570 cst
538 2543 573 2581 pro
594 2531 662 2571 animis
686 2531 801 2581 injustorum

68 2596 201 2645 hominumet
193 2602 282 2651 pecca
283 2609 348 2645 orum
369 2610 405 2650 pro
424 2598 492 2638 animis
511 2610 589 2645 eorum,
611 2599 643 2649 qui
661 2598 734 2639 scelera
746 2607 802 2638 oom-

68 2664 190 2713 mise1·ont‚e
181 2671 272 2716 1mprrs
282 2677 304 2704 se
318 2665 465 2711 admiscuerunt,
452 2667 551 2716 [pirrhus
562 2667 635 2706 slmiles
651 2671 700 2705 sunt.
721 2667 801 2706 Aninme

69 2741 135 2773 eorum
142 2746 181 2773 non
191 2734 215 2775 ad
224 2734 303 2773 nihilum
313 2734 401 2786 redigent
402 2746 424 2774 ur
437 2735 468 2775 die
478 2734 552 2784 iudicii,
568 2745 630 2785 neque
641 2732 722 2774 evadent
731 2745 754 2774 er
763 2732 800 2772 hoo

68 2796 118 2839 loco.
147 2801 196 2841 Tum
211 2814 247 2854 ego
262 2800 339 2846 larrdavi
354 2802 423 2847 Deum,
468 2808 469 2819 ¹
