<?xml version="1.0" encoding="UTF-8"?>
<!DOCTYPE html PUBLIC "-//W3C//DTD XHTML 1.0 Transitional//EN"
    "http://www.w3.org/TR/xhtml1/DTD/xhtml1-transitional.dtd">
<html xmlns="http://www.w3.org/1999/xhtml" xml:lang="en" lang="en">
 <head>
  <title>
</title>
<meta http-equiv="Content-Type" content="text/html;charset=utf-8" />
  <meta name='ocr-system' content='tesseract 3.04.00' />
  <meta name='ocr-capabilities' content='ocr_page ocr_carea ocr_par ocr_line ocrx_word'/>
</head>
<body>
  <div class='ocr_page' id='page_1' title='image "./MN41907ucmf_4_0257.png"; bbox 0 0 1807 3145; ppageno 0'>
   <div class='ocr_carea' id='block_1_1' title="bbox 368 150 792 195">
    <p class='ocr_par' dir='ltr' id='par_1_1' title="bbox 368 150 792 195">
     <span class='ocr_line' id='line_1_1' title="bbox 368 150 792 195; baseline -0.002 -11"><span class='ocrx_word' id='word_1_1' title='bbox 368 150 431 184; x_wconf 77' lang='lat' dir='ltr'>Enochi</span> <span class='ocrx_word' id='word_1_2' title='bbox 443 150 489 184; x_wconf 88' lang='lat' dir='ltr'>liber.</span> <span class='ocrx_word' id='word_1_3' title='bbox 753 157 792 195; x_wconf 71' lang='lat'>225</span> 
     </span>
    </p>
   </div>
   <div class='ocr_carea' id='block_1_2' title="bbox 65 267 799 1258">
    <p class='ocr_par' dir='ltr' id='par_1_2' title="bbox 65 267 793 390">
     <span class='ocr_line' id='line_1_2' title="bbox 67 267 793 318; baseline -0.003 -10"><span class='ocrx_word' id='word_1_4' title='bbox 67 269 115 310; x_wconf 87' lang='lat' dir='ltr'>coeli</span> <span class='ocrx_word' id='word_1_5' title='bbox 130 267 222 311; x_wconf 73' lang='lat' dir='ltr'>ministri,</span> <span class='ocrx_word' id='word_1_6' title='bbox 233 269 337 318; x_wconf 65' lang='lat' dir='ltr'>&#39;pue-:cum</span> <span class='ocrx_word' id='word_1_7' title='bbox 353 269 440 307; x_wconf 88' lang='lat' dir='ltr'>omnihus</span> <span class='ocrx_word' id='word_1_8' title='bbox 456 268 505 307; x_wconf 84' lang='lat' dir='ltr'>coeii</span> <span class='ocrx_word' id='word_1_9' title='bbox 520 269 607 307; x_wconf 84' lang='lat' dir='ltr'>curribus</span> <span class='ocrx_word' id='word_1_10' title='bbox 623 270 722 313; x_wconf 75' lang='lat' dir='ltr'>circuitum</span> <span class='ocrx_word' id='word_1_11' title='bbox 738 280 793 307; x_wconf 88' lang='lat' dir='ltr'>sunm</span> 
     </span>
     <span class='ocr_line' id='line_1_3' title="bbox 65 334 288 390; baseline -0.018 -13"><span class='ocrx_word' id='word_1_12' title='bbox 65 339 162 390; x_wconf 79' lang='lat' dir='ltr'>peragunt.</span> <span class='ocrx_word' id='word_1_13' title='bbox 285 334 288 338; x_wconf 73' lang='grc'><strong>’</strong></span> 
     </span>
    </p>

    <p class='ocr_par' dir='ltr' id='par_1_3' title="bbox 68 400 795 519">
     <span class='ocr_line' id='line_1_4' title="bbox 108 400 795 451; baseline -0.003 -10"><span class='ocrx_word' id='word_1_14' title='bbox 108 403 142 448; x_wconf 83' lang='lat' dir='ltr'>lo)</span> <span class='ocrx_word' id='word_1_15' title='bbox 158 402 190 440; x_wconf 86' lang='lat' dir='ltr'>Sic</span> <span class='ocrx_word' id='word_1_16' title='bbox 200 400 252 441; x_wconf 90' lang='lat' dir='ltr'>Uriel</span> <span class='ocrx_word' id='word_1_17' title='bbox 262 400 421 447; x_wconf 83' lang='lat' dir='ltr'>mihiduodecim</span> <span class='ocrx_word' id='word_1_18' title='bbox 432 402 517 442; x_wconf 78' lang='lat' dir='ltr'>ostendit</span> <span class='ocrx_word' id='word_1_19' title='bbox 527 408 597 451; x_wconf 72' lang='lat' dir='ltr'>portas,</span> <span class='ocrx_word' id='word_1_20' title='bbox 611 407 697 451; x_wconf 75' lang='lat' dir='ltr'>petentes</span> <span class='ocrx_word' id='word_1_21' title='bbox 708 403 795 440; x_wconf 73' lang='lat' dir='ltr'>circuitui</span> 
     </span>
     <span class='ocr_line' id='line_1_5' title="bbox 68 465 691 519; baseline -0.008 -8"><span class='ocrx_word' id='word_1_22' title='bbox 68 480 155 511; x_wconf 88' lang='lat' dir='ltr'>curruum</span> <span class='ocrx_word' id='word_1_23' title='bbox 170 467 217 507; x_wconf 91' lang='lat' dir='ltr'>solis</span> <span class='ocrx_word' id='word_1_24' title='bbox 231 469 251 508; x_wconf 95' lang='lat' dir='ltr'>in</span> <span class='ocrx_word' id='word_1_25' title='bbox 267 467 334 513; x_wconf 87' lang='lat' dir='ltr'>coelo,</span> <span class='ocrx_word' id='word_1_26' title='bbox 353 479 363 506; x_wconf 92' lang='lat' dir='ltr'>e</span> <span class='ocrx_word' id='word_1_27' title='bbox 379 468 447 518; x_wconf 81' lang='lat' dir='ltr'>quibus</span> <span class='ocrx_word' id='word_1_28' title='bbox 462 465 509 508; x_wconf 83' lang='lat' dir='ltr'>solis</span> <span class='ocrx_word' id='word_1_29' title='bbox 523 468 570 508; x_wconf 82' lang='lat' dir='ltr'>redii</span> <span class='ocrx_word' id='word_1_30' title='bbox 584 468 691 519; x_wconf 71' lang='lat' dir='ltr'>prosiliunt.</span> 
     </span>
    </p>

    <p class='ocr_par' dir='ltr' id='par_1_4' title="bbox 68 535 797 780">
     <span class='ocr_line' id='line_1_6' title="bbox 109 535 795 588; baseline -0.001 -13"><span class='ocrx_word' id='word_1_31' title='bbox 109 538 143 584; x_wconf 79' lang='lat'>11)</span> <span class='ocrx_word' id='word_1_32' title='bbox 158 537 185 576; x_wconf 84' lang='lat' dir='ltr'>Ex</span> <span class='ocrx_word' id='word_1_33' title='bbox 202 538 232 576; x_wconf 91' lang='lat' dir='ltr'>his</span> <span class='ocrx_word' id='word_1_34' title='bbox 252 541 316 576; x_wconf 77' lang='lat' dir='ltr'>nesius</span> <span class='ocrx_word' id='word_1_35' title='bbox 332 535 431 576; x_wconf 76' lang='lat' dir='ltr'>descendis</span> <span class='ocrx_word' id='word_1_36' title='bbox 452 538 471 576; x_wconf 90' lang='lat' dir='ltr'>in</span> <span class='ocrx_word' id='word_1_37' title='bbox 486 542 568 584; x_wconf 75' lang='lat' dir='ltr'>terrem,</span> <span class='ocrx_word' id='word_1_38' title='bbox 592 537 667 588; x_wconf 81' lang='lat' dir='ltr'>quando</span> <span class='ocrx_word' id='word_1_39' title='bbox 688 538 795 588; x_wconf 74' lang='lat' dir='ltr'>operiuntur</span> 
     </span>
     <span class='ocr_line' id='line_1_7' title="bbox 68 605 795 658; baseline -0.003 -11"><span class='ocrx_word' id='word_1_40' title='bbox 68 607 124 647; x_wconf 79' lang='lat' dir='ltr'>certis</span> <span class='ocrx_word' id='word_1_41' title='bbox 145 607 183 644; x_wconf 88' lang='lat' dir='ltr'>suis</span> <span class='ocrx_word' id='word_1_42' title='bbox 205 605 329 656; x_wconf 74' lang='lat' dir='ltr'>temporibus.</span> <span class='ocrx_word' id='word_1_43' title='bbox 357 605 384 645; x_wconf 85' lang='lat' dir='ltr'>Ex</span> <span class='ocrx_word' id='word_1_44' title='bbox 402 606 470 645; x_wconf 90' lang='lat' dir='ltr'>iisdem</span> <span class='ocrx_word' id='word_1_45' title='bbox 489 607 540 647; x_wconf 82' lang='lat' dir='ltr'>venii</span> <span class='ocrx_word' id='word_1_46' title='bbox 558 607 666 658; x_wconf 75' lang='lat' dir='ltr'>procedunt</span> <span class='ocrx_word' id='word_1_47' title='bbox 686 611 705 647; x_wconf 79' lang='lat' dir='ltr'>et</span> <span class='ocrx_word' id='word_1_48' title='bbox 718 607 795 657; x_wconf 76' lang='lat' dir='ltr'>spiritus</span> 
     </span>
     <span class='ocr_line' id='line_1_8' title="bbox 71 672 797 725; baseline 0 -13"><span class='ocrx_word' id='word_1_49' title='bbox 71 673 124 717; x_wconf 79' lang='lat' dir='ltr'>roris,</span> <span class='ocrx_word' id='word_1_50' title='bbox 140 672 215 723; x_wconf 79' lang='lat' dir='ltr'>quando</span> <span class='ocrx_word' id='word_1_51' title='bbox 226 673 335 723; x_wconf 82' lang='lat' dir='ltr'>eperiumur</span> <span class='ocrx_word' id='word_1_52' title='bbox 349 672 389 711; x_wconf 89' lang='lat' dir='ltr'>suis</span> <span class='ocrx_word' id='word_1_53' title='bbox 402 674 518 723; x_wconf 74' lang='lat' dir='ltr'><strong>temporibus</strong></span> <span class='ocrx_word' id='word_1_54' title='bbox 529 674 623 714; x_wconf 69' lang='lat' dir='ltr'>fenestrae</span> <span class='ocrx_word' id='word_1_55' title='bbox 637 686 695 725; x_wconf 85' lang='lat' dir='ltr'>super</span> <span class='ocrx_word' id='word_1_56' title='bbox 709 675 797 718; x_wconf 72' lang='lat' dir='ltr'>extremi-</span> 
     </span>
     <span class='ocr_line' id='line_1_9' title="bbox 70 739 207 780; baseline -0.022 0"><span class='ocrx_word' id='word_1_57' title='bbox 70 739 138 780; x_wconf 71' lang='lat' dir='ltr'>taribus</span> <span class='ocrx_word' id='word_1_58' title='bbox 154 739 207 779; x_wconf 71' lang='lat' dir='ltr'>coeli,</span> 
     </span>
    </p>

    <p class='ocr_par' dir='ltr' id='par_1_5' title="bbox 71 807 798 982">
     <span class='ocr_line' id='line_1_10' title="bbox 112 807 797 858; baseline 0.004 -12"><span class='ocrx_word' id='word_1_59' title='bbox 112 807 148 854; x_wconf 75' lang='lat'>12)</span> <span class='ocrx_word' id='word_1_60' title='bbox 163 807 270 848; x_wconf 79' lang='lat' dir='ltr'>Duodecim</span> <span class='ocrx_word' id='word_1_61' title='bbox 288 811 352 858; x_wconf 75' lang='lat' dir='ltr'>portes</span> <span class='ocrx_word' id='word_1_62' title='bbox 372 808 391 847; x_wconf 88' lang='lat' dir='ltr'>in</span> <span class='ocrx_word' id='word_1_63' title='bbox 410 807 465 846; x_wconf 86' lang='lat' dir='ltr'>coelo</span> <span class='ocrx_word' id='word_1_64' title='bbox 480 808 526 853; x_wconf 80' lang='lat' dir='ltr'>vidi,</span> <span class='ocrx_word' id='word_1_65' title='bbox 551 807 653 849; x_wconf 87' lang='lat' dir='ltr'>infinibus</span> <span class='ocrx_word' id='word_1_66' title='bbox 668 812 739 855; x_wconf 73' lang='lat' dir='ltr'>terrae,</span> <span class='ocrx_word' id='word_1_67' title='bbox 763 820 797 858; x_wconf 88' lang='lat' dir='ltr'>per</span> 
     </span>
     <span class='ocr_line' id='line_1_11' title="bbox 71 867 798 928; baseline 0.001 -14"><span class='ocrx_word' id='word_1_68' title='bbox 71 876 169 926; x_wconf 75' lang='lat' dir='ltr'>quassu,</span> <span class='ocrx_word' id='word_1_69' title='bbox 192 876 236 915; x_wconf 82' lang='lat' dir='ltr'>iuna</span> <span class='ocrx_word' id='word_1_70' title='bbox 252 875 363 920; x_wconf 76' lang='lat' dir='ltr'>cistellae,</span> <span class='ocrx_word' id='word_1_71' title='bbox 386 880 405 915; x_wconf 84' lang='lat' dir='ltr'>ei</span> <span class='ocrx_word' id='word_1_72' title='bbox 427 876 489 914; x_wconf 76' lang='lat' dir='ltr'>omnia</span> <span class='ocrx_word' id='word_1_73' title='bbox 510 867 560 915; x_wconf 87' lang='lat' dir='ltr'>coeli</span> <span class='ocrx_word' id='word_1_74' title='bbox 575 888 631 926; x_wconf 79' lang='lat' dir='ltr'>opera</span> <span class='ocrx_word' id='word_1_75' title='bbox 651 877 798 928; x_wconf 72' lang='lat' dir='ltr'>progrediuntur</span> 
     </span>
     <span class='ocr_line' id='line_1_12' title="bbox 72 943 311 982; baseline 0 -1"><span class='ocrx_word' id='word_1_76' title='bbox 72 943 149 982; x_wconf 89' lang='lat' dir='ltr'>oriendo</span> <span class='ocrx_word' id='word_1_77' title='bbox 165 948 184 982; x_wconf 84' lang='lat' dir='ltr'>et</span> <span class='ocrx_word' id='word_1_78' title='bbox 198 943 311 982; x_wconf 86' lang='lat' dir='ltr'>occidendo.</span> 
     </span>
    </p>

    <p class='ocr_par' dir='ltr' id='par_1_6' title="bbox 112 1000 754 1061">
     <span class='ocr_line' id='line_1_13' title="bbox 112 1000 754 1061; baseline -0.002 -12"><span class='ocrx_word' id='word_1_79' title='bbox 112 1011 147 1058; x_wconf 81' lang='lat'>13)</span> <span class='ocrx_word' id='word_1_80' title='bbox 161 1009 232 1051; x_wconf 79' lang='lat' dir='ltr'>Multae</span> <span class='ocrx_word' id='word_1_81' title='bbox 248 1021 324 1061; x_wconf 83' lang='lat' dir='ltr'>qnoque</span> <span class='ocrx_word' id='word_1_82' title='bbox 338 1010 433 1050; x_wconf 77' lang='lat' dir='ltr'><strong>fenestrae</strong></span> <span class='ocrx_word' id='word_1_83' title='bbox 448 1011 545 1061; x_wconf 73' lang='lat' dir='ltr'>potentin</span> <span class='ocrx_word' id='word_1_84' title='bbox 560 1000 624 1050; x_wconf 77' lang='lat' dir='ltr'>derue</span> <span class='ocrx_word' id='word_1_85' title='bbox 639 1015 658 1049; x_wconf 79' lang='lat' dir='ltr'>ee</span> <span class='ocrx_word' id='word_1_86' title='bbox 672 1010 754 1049; x_wconf 77' lang='lat' dir='ltr'>sinistra.</span> 
     </span>
    </p>

    <p class='ocr_par' dir='ltr' id='par_1_7' title="bbox 70 1077 799 1258">
     <span class='ocr_line' id='line_1_14' title="bbox 114 1077 799 1131; baseline 0.001 -14"><span class='ocrx_word' id='word_1_87' title='bbox 114 1079 148 1126; x_wconf 81' lang='lat' dir='ltr'>ld)</span> <span class='ocrx_word' id='word_1_88' title='bbox 163 1077 204 1118; x_wconf 81' lang='lat' dir='ltr'>Une</span> <span class='ocrx_word' id='word_1_89' title='bbox 218 1079 344 1118; x_wconf 75' lang='lat' dir='ltr'>fenestrarum</span> <span class='ocrx_word' id='word_1_90' title='bbox 359 1090 393 1117; x_wconf 91' lang='lat' dir='ltr'>suo</span> <span class='ocrx_word' id='word_1_91' title='bbox 412 1082 498 1129; x_wconf 80' lang='lat' dir='ltr'>tempore</span> <span class='ocrx_word' id='word_1_92' title='bbox 514 1083 570 1131; x_wconf 77' lang='lat' dir='ltr'>eriget</span> <span class='ocrx_word' id='word_1_93' title='bbox 583 1083 667 1124; x_wconf 76' lang='lat' dir='ltr'>nestum,</span> <span class='ocrx_word' id='word_1_94' title='bbox 688 1079 738 1118; x_wconf 80' lang='lat' dir='ltr'>sicut</span> <span class='ocrx_word' id='word_1_95' title='bbox 751 1078 799 1118; x_wconf 79' lang='lat' dir='ltr'>isiae</span> 
     </span>
     <span class='ocr_line' id='line_1_15' title="bbox 70 1145 799 1197; baseline 0.001 -13"><span class='ocrx_word' id='word_1_96' title='bbox 70 1149 142 1197; x_wconf 79' lang='lat' dir='ltr'>ponae,</span> <span class='ocrx_word' id='word_1_97' title='bbox 158 1145 250 1196; x_wconf 80' lang='lat' dir='ltr'>equibus</span> <span class='ocrx_word' id='word_1_98' title='bbox 265 1145 331 1185; x_wconf 79' lang='lat' dir='ltr'>stellae</span> <span class='ocrx_word' id='word_1_99' title='bbox 347 1145 542 1190; x_wconf 81' lang='lat' dir='ltr'>exeunt‚.secundum</span> <span class='ocrx_word' id='word_1_100' title='bbox 557 1147 611 1197; x_wconf 81' lang='lat' dir='ltr'>leges</span> <span class='ocrx_word' id='word_1_101' title='bbox 625 1158 676 1191; x_wconf 83' lang='lat' dir='ltr'>sues,</span> <span class='ocrx_word' id='word_1_102' title='bbox 691 1152 711 1187; x_wconf 82' lang='lat' dir='ltr'>et</span> <span class='ocrx_word' id='word_1_103' title='bbox 723 1147 743 1186; x_wconf 88' lang='lat' dir='ltr'>in</span> <span class='ocrx_word' id='word_1_104' title='bbox 759 1146 799 1197; x_wconf 90' lang='lat' dir='ltr'>qui-</span> 
     </span>
     <span class='ocr_line' id='line_1_16' title="bbox 70 1212 522 1258; baseline -0.002 -6"><span class='ocrx_word' id='word_1_105' title='bbox 70 1213 106 1253; x_wconf 87' lang='lat' dir='ltr'>bus</span> <span class='ocrx_word' id='word_1_106' title='bbox 122 1213 213 1258; x_wconf 69' lang='lat' dir='ltr'>occidunt</span> <span class='ocrx_word' id='word_1_107' title='bbox 227 1212 333 1254; x_wconf 84' lang='lat' dir='ltr'>secundum</span> <span class='ocrx_word' id='word_1_108' title='bbox 347 1224 447 1253; x_wconf 89' lang='lat' dir='ltr'>numerum</span> <span class='ocrx_word' id='word_1_109' title='bbox 462 1225 522 1252; x_wconf 90' lang='lat' dir='ltr'>suum.</span> 
     </span>
    </p>
   </div>
   <div class='ocr_carea' id='block_1_3' title="bbox 72 1288 802 1533">
    <p class='ocr_par' dir='ltr' id='par_1_8' title="bbox 72 1288 802 1533">
     <span class='ocr_line' id='line_1_17' title="bbox 114 1288 801 1340; baseline 0.003 -14"><span class='ocrx_word' id='word_1_110' title='bbox 114 1290 149 1336; x_wconf 84' lang='lat'>15)</span> <span class='ocrx_word' id='word_1_111' title='bbox 164 1291 187 1329; x_wconf 77' lang='lat' dir='ltr'>Ei</span> <span class='ocrx_word' id='word_1_112' title='bbox 206 1290 244 1329; x_wconf 89' lang='lat' dir='ltr'>vidi</span> <span class='ocrx_word' id='word_1_113' title='bbox 261 1302 328 1328; x_wconf 87' lang='lat' dir='ltr'>currus</span> <span class='ocrx_word' id='word_1_114' title='bbox 348 1290 398 1328; x_wconf 90' lang='lat' dir='ltr'>coeli</span> <span class='ocrx_word' id='word_1_115' title='bbox 419 1290 521 1340; x_wconf 78' lang='lat' dir='ltr'>circumagi</span> <span class='ocrx_word' id='word_1_116' title='bbox 544 1291 563 1328; x_wconf 89' lang='lat' dir='ltr'>in</span> <span class='ocrx_word' id='word_1_117' title='bbox 587 1288 657 1329; x_wconf 89' lang='lat' dir='ltr'>mundo</span> <span class='ocrx_word' id='word_1_118' title='bbox 678 1289 761 1340; x_wconf 77' lang='lat' dir='ltr'>desuper</span> <span class='ocrx_word' id='word_1_119' title='bbox 783 1294 801 1328; x_wconf 78' lang='lat' dir='ltr'>ei</span> 
     </span>
     <span class='ocr_line' id='line_1_18' title="bbox 74 1356 801 1409; baseline -0.001 -14"><span class='ocrx_word' id='word_1_120' title='bbox 74 1356 139 1396; x_wconf 77' lang='lat' dir='ltr'>subter</span> <span class='ocrx_word' id='word_1_121' title='bbox 152 1359 199 1397; x_wconf 80' lang='lat' dir='ltr'>isius</span> <span class='ocrx_word' id='word_1_122' title='bbox 214 1363 289 1409; x_wconf 73' lang='lat' dir='ltr'>portus,</span> <span class='ocrx_word' id='word_1_123' title='bbox 313 1358 333 1397; x_wconf 90' lang='lat' dir='ltr'>in</span> <span class='ocrx_word' id='word_1_124' title='bbox 348 1357 416 1409; x_wconf 88' lang='lat' dir='ltr'>quihus</span> <span class='ocrx_word' id='word_1_125' title='bbox 431 1358 497 1397; x_wconf 77' lang='lat' dir='ltr'>sicine</span> <span class='ocrx_word' id='word_1_126' title='bbox 512 1361 618 1402; x_wconf 83' lang='lat' dir='ltr'>vertuntur,</span> <span class='ocrx_word' id='word_1_127' title='bbox 642 1368 690 1409; x_wconf 82' lang='lat' dir='ltr'>quae</span> <span class='ocrx_word' id='word_1_128' title='bbox 704 1367 801 1407; x_wconf 84' lang='lat' dir='ltr'>nunquam</span> 
     </span>
     <span class='ocr_line' id='line_1_19' title="bbox 73 1421 802 1475; baseline -0.001 -12"><span class='ocrx_word' id='word_1_129' title='bbox 73 1424 168 1464; x_wconf 82' lang='lat' dir='ltr'>occidunt.</span> <span class='ocrx_word' id='word_1_130' title='bbox 205 1424 247 1464; x_wconf 82' lang='lat' dir='ltr'>Une</span> <span class='ocrx_word' id='word_1_131' title='bbox 267 1436 332 1464; x_wconf 80' lang='lat' dir='ltr'>eorum</span> <span class='ocrx_word' id='word_1_132' title='bbox 353 1424 413 1474; x_wconf 82' lang='lat' dir='ltr'>major</span> <span class='ocrx_word' id='word_1_133' title='bbox 434 1429 464 1464; x_wconf 86' lang='lat' dir='ltr'>est</span> <span class='ocrx_word' id='word_1_134' title='bbox 486 1421 575 1475; x_wconf 85' lang='lat' dir='ltr'>reliquis,</span> <span class='ocrx_word' id='word_1_135' title='bbox 600 1436 648 1474; x_wconf 84' lang='lat' dir='ltr'>quae</span> <span class='ocrx_word' id='word_1_136' title='bbox 671 1424 722 1464; x_wconf 83' lang='lat' dir='ltr'>circe</span> <span class='ocrx_word' id='word_1_137' title='bbox 741 1427 802 1462; x_wconf 83' lang='lat' dir='ltr'>tolum</span> 
     </span>
     <span class='ocr_line' id='line_1_20' title="bbox 72 1491 262 1533; baseline 0.005 -3"><span class='ocrx_word' id='word_1_138' title='bbox 72 1491 162 1531; x_wconf 92' lang='lat' dir='ltr'>mundum</span> <span class='ocrx_word' id='word_1_139' title='bbox 176 1493 262 1533; x_wconf 84' lang='lat' dir='ltr'>uoluitur.</span> 
     </span>
    </p>
   </div>
   <div class='ocr_carea' id='block_1_4' title="bbox 282 1617 593 1670">
    <p class='ocr_par' dir='ltr' id='par_1_9' title="bbox 282 1617 593 1670">
     <span class='ocr_line' id='line_1_21' title="bbox 282 1617 593 1670; baseline -0.003 -12"><span class='ocrx_word' id='word_1_140' title='bbox 282 1620 342 1660; x_wconf 85' lang='lat' dir='ltr'><strong>GAP.</strong></span> <span class='ocrx_word' id='word_1_141' title='bbox 363 1619 433 1659; x_wconf 88' lang='lat' dir='ltr'>LXXV.</span> <span class='ocrx_word' id='word_1_142' title='bbox 464 1620 516 1670; x_wconf 81' lang='lat' dir='ltr'>[secu</span> <span class='ocrx_word' id='word_1_143' title='bbox 532 1618 570 1669; x_wconf 76' lang='lat' dir='ltr'>Xy.</span> <span class='ocrx_word' id='word_1_144' title='bbox 581 1617 593 1667; x_wconf 80' lang='lat'>¹]</span> 
     </span>
    </p>
   </div>
   <div class='ocr_carea' id='block_1_5' title="bbox 73 1708 801 1831">
    <p class='ocr_par' dir='ltr' id='par_1_10' title="bbox 73 1708 801 1831">
     <span class='ocr_line' id='line_1_22' title="bbox 131 1708 801 1759; baseline -0.006 -9"><span class='ocrx_word' id='word_1_145' title='bbox 131 1712 147 1758; x_wconf 84' lang='lat' dir='ltr'>l)</span> <span class='ocrx_word' id='word_1_146' title='bbox 162 1711 185 1750; x_wconf 83' lang='lat' dir='ltr'>Et</span> <span class='ocrx_word' id='word_1_147' title='bbox 196 1711 216 1749; x_wconf 91' lang='lat' dir='ltr'>in</span> <span class='ocrx_word' id='word_1_148' title='bbox 231 1709 300 1748; x_wconf 89' lang='lat' dir='ltr'>frnihns</span> <span class='ocrx_word' id='word_1_149' title='bbox 314 1714 376 1748; x_wconf 71' lang='lat' dir='ltr'>terme</span> <span class='ocrx_word' id='word_1_150' title='bbox 390 1708 428 1749; x_wconf 92' lang='lat' dir='ltr'>vidi</span> <span class='ocrx_word' id='word_1_151' title='bbox 443 1708 544 1747; x_wconf 88' lang='lat' dir='ltr'>duodecim</span> <span class='ocrx_word' id='word_1_152' title='bbox 559 1714 624 1759; x_wconf 77' lang='lat' dir='ltr'>portes</span> <span class='ocrx_word' id='word_1_153' title='bbox 639 1713 725 1759; x_wconf 79' lang='lat' dir='ltr'>peienies</span> <span class='ocrx_word' id='word_1_154' title='bbox 741 1708 801 1746; x_wconf 92' lang='lat' dir='ltr'>omni-</span> 
     </span>
     <span class='ocr_line' id='line_1_23' title="bbox 73 1774 642 1831; baseline -0.009 -16"><span class='ocrx_word' id='word_1_155' title='bbox 73 1778 108 1815; x_wconf 90' lang='lat' dir='ltr'>hus</span> <span class='ocrx_word' id='word_1_156' title='bbox 125 1778 195 1821; x_wconf 78' lang='lat' dir='ltr'>veniis,</span> <span class='ocrx_word' id='word_1_157' title='bbox 214 1789 224 1815; x_wconf 86' lang='lat' dir='ltr'>e</span> <span class='ocrx_word' id='word_1_158' title='bbox 240 1776 308 1827; x_wconf 83' lang='lat' dir='ltr'>quihus</span> <span class='ocrx_word' id='word_1_159' title='bbox 323 1776 342 1813; x_wconf 89' lang='lat' dir='ltr'>hi</span> <span class='ocrx_word' id='word_1_160' title='bbox 357 1780 426 1814; x_wconf 75' lang='lat' dir='ltr'>exeunt</span> <span class='ocrx_word' id='word_1_161' title='bbox 441 1780 460 1813; x_wconf 80' lang='lat' dir='ltr'>et</span> <span class='ocrx_word' id='word_1_162' title='bbox 472 1780 542 1814; x_wconf 83' lang='lat' dir='ltr'>terrem</span> <span class='ocrx_word' id='word_1_163' title='bbox 555 1774 642 1831; x_wconf 68' lang='lat' dir='ltr'>perflent,</span> 
     </span>
    </p>
   </div>
   <div class='ocr_carea' id='block_1_6' title="bbox 74 1845 803 2163">
    <p class='ocr_par' dir='ltr' id='par_1_11' title="bbox 74 1845 803 2163">
     <span class='ocr_line' id='line_1_24' title="bbox 129 1845 803 1904; baseline -0.003 -10"><span class='ocrx_word' id='word_1_164' title='bbox 129 1856 149 1903; x_wconf 72' lang='lat'>2)</span> <span class='ocrx_word' id='word_1_165' title='bbox 164 1855 212 1894; x_wconf 86' lang='lat' dir='ltr'>Tres</span> <span class='ocrx_word' id='word_1_166' title='bbox 228 1867 293 1894; x_wconf 84' lang='lat' dir='ltr'>cerum</span> <span class='ocrx_word' id='word_1_167' title='bbox 307 1856 327 1894; x_wconf 89' lang='lat' dir='ltr'>in</span> <span class='ocrx_word' id='word_1_168' title='bbox 342 1845 420 1895; x_wconf 76' lang='lat' dir='ltr'>aduersu</span> <span class='ocrx_word' id='word_1_169' title='bbox 436 1855 485 1893; x_wconf 86' lang='lat' dir='ltr'>coeli</span> <span class='ocrx_word' id='word_1_170' title='bbox 497 1859 552 1904; x_wconf 67' lang='lat' dir='ltr'>‘perse</span> <span class='ocrx_word' id='word_1_171' title='bbox 566 1858 642 1904; x_wconf 73' lang='lat' dir='ltr'>petent,</span> <span class='ocrx_word' id='word_1_172' title='bbox 664 1859 703 1892; x_wconf 78' lang='lat' dir='ltr'>tres</span> <span class='ocrx_word' id='word_1_173' title='bbox 717 1855 737 1892; x_wconf 91' lang='lat' dir='ltr'>in</span> <span class='ocrx_word' id='word_1_174' title='bbox 752 1855 803 1892; x_wconf 88' lang='lat' dir='ltr'>occi-</span> 
     </span>
     <span class='ocr_line' id='line_1_25' title="bbox 75 1913 802 1969; baseline -0.001 -9"><span class='ocrx_word' id='word_1_175' title='bbox 75 1921 141 1967; x_wconf 76' lang='lat' dir='ltr'>dente,</span> <span class='ocrx_word' id='word_1_176' title='bbox 156 1927 195 1961; x_wconf 82' lang='lat' dir='ltr'>ires</span> <span class='ocrx_word' id='word_1_177' title='bbox 210 1923 230 1961; x_wconf 93' lang='lat' dir='ltr'>in</span> <span class='ocrx_word' id='word_1_178' title='bbox 245 1913 308 1961; x_wconf 79' lang='lat' dir='ltr'>dextra</span> <span class='ocrx_word' id='word_1_179' title='bbox 324 1926 396 1960; x_wconf 78' lang='lat' dir='ltr'>eines</span> <span class='ocrx_word' id='word_1_180' title='bbox 410 1923 429 1959; x_wconf 89' lang='lat' dir='ltr'>in</span> <span class='ocrx_word' id='word_1_181' title='bbox 444 1922 526 1959; x_wconf 75' lang='lat' dir='ltr'>sinistre.</span> <span class='ocrx_word' id='word_1_182' title='bbox 551 1922 599 1959; x_wconf 87' lang='lat' dir='ltr'>Tres</span> <span class='ocrx_word' id='word_1_183' title='bbox 612 1922 686 1969; x_wconf 78' lang='lat' dir='ltr'>priores</span> <span class='ocrx_word' id='word_1_184' title='bbox 702 1932 736 1959; x_wconf 80' lang='lat' dir='ltr'>eae</span> <span class='ocrx_word' id='word_1_185' title='bbox 752 1926 802 1965; x_wconf 80' lang='lat' dir='ltr'>suni,</span> 
     </span>
     <span class='ocr_line' id='line_1_26' title="bbox 74 1979 800 2038; baseline -0.001 -12"><span class='ocrx_word' id='word_1_186' title='bbox 74 1979 122 2038; x_wconf 70' lang='lat' dir='ltr'>princ</span> <span class='ocrx_word' id='word_1_187' title='bbox 136 2000 203 2029; x_wconf 83' lang='lat' dir='ltr'>uersus</span> <span class='ocrx_word' id='word_1_188' title='bbox 219 1990 318 2034; x_wconf 70' lang='lat' dir='ltr'>orientem,</span> <span class='ocrx_word' id='word_1_189' title='bbox 333 1993 373 2026; x_wconf 80' lang='lat' dir='ltr'>tres</span> <span class='ocrx_word' id='word_1_190' title='bbox 388 1992 431 2026; x_wconf 85' lang='lat' dir='ltr'>sunt</span> <span class='ocrx_word' id='word_1_191' title='bbox 443 1999 510 2026; x_wconf 88' lang='lat' dir='ltr'>versus</span> <span class='ocrx_word' id='word_1_192' title='bbox 525 1986 681 2036; x_wconf 68' lang='lat' dir='ltr'>septentrionem,</span> <span class='ocrx_word' id='word_1_193' title='bbox 696 1992 735 2027; x_wconf 83' lang='lat' dir='ltr'>tres</span> <span class='ocrx_word' id='word_1_194' title='bbox 750 2000 800 2038; x_wconf 91' lang='lat' dir='ltr'>pone</span> 
     </span>
     <span class='ocr_line' id='line_1_27' title="bbox 75 2052 802 2106; baseline -0.001 -12"><span class='ocrx_word' id='word_1_195' title='bbox 75 2068 116 2099; x_wconf 83' lang='lat' dir='ltr'>eos,</span> <span class='ocrx_word' id='word_1_196' title='bbox 140 2056 221 2106; x_wconf 76' lang='lat' dir='ltr'>quaein</span> <span class='ocrx_word' id='word_1_197' title='bbox 243 2055 318 2094; x_wconf 75' lang='lat' dir='ltr'>sinistre</span> <span class='ocrx_word' id='word_1_198' title='bbox 339 2058 393 2099; x_wconf 80' lang='lat' dir='ltr'>suni,</span> <span class='ocrx_word' id='word_1_199' title='bbox 418 2065 485 2092; x_wconf 88' lang='lat' dir='ltr'>versus</span> <span class='ocrx_word' id='word_1_200' title='bbox 500 2052 611 2099; x_wconf 88' lang='lat' dir='ltr'>meridiem,</span> <span class='ocrx_word' id='word_1_201' title='bbox 637 2058 656 2093; x_wconf 83' lang='lat' dir='ltr'>et</span> <span class='ocrx_word' id='word_1_202' title='bbox 675 2059 717 2094; x_wconf 81' lang='lat' dir='ltr'>ires</span> <span class='ocrx_word' id='word_1_203' title='bbox 735 2066 802 2095; x_wconf 88' lang='lat' dir='ltr'>versus</span> 
     </span>
     <span class='ocr_line' id='line_1_28' title="bbox 75 2123 199 2163; baseline 0.008 -3"><span class='ocrx_word' id='word_1_204' title='bbox 75 2123 199 2163; x_wconf 80' lang='lat' dir='ltr'>occidentem.</span> 
     </span>
    </p>
   </div>
   <div class='ocr_carea' id='block_1_7' title="bbox 75 2185 803 2453">
    <p class='ocr_par' dir='ltr' id='par_1_12' title="bbox 75 2185 803 2453">
     <span class='ocr_line' id='line_1_29' title="bbox 130 2185 803 2252; baseline -0.004 -12"><span class='ocrx_word' id='word_1_205' title='bbox 130 2201 149 2248; x_wconf 85' lang='lat'>3)</span> <span class='ocrx_word' id='word_1_206' title='bbox 164 2202 200 2241; x_wconf 88' lang='lat' dir='ltr'>Per</span> <span class='ocrx_word' id='word_1_207' title='bbox 215 2206 295 2252; x_wconf 80' lang='lat' dir='ltr'>quatuor</span> <span class='ocrx_word' id='word_1_208' title='bbox 313 2212 377 2240; x_wconf 84' lang='lat' dir='ltr'>cerum</span> <span class='ocrx_word' id='word_1_209' title='bbox 388 2185 443 2241; x_wconf 47' lang='lat' dir='ltr'>&#39;venti</span> <span class='ocrx_word' id='word_1_210' title='bbox 458 2205 527 2241; x_wconf 76' lang='lat' dir='ltr'>exeunt</span> <span class='ocrx_word' id='word_1_211' title='bbox 540 2199 681 2240; x_wconf 74' lang='lat' dir='ltr'>benedictionis</span> <span class='ocrx_word' id='word_1_212' title='bbox 697 2205 716 2239; x_wconf 80' lang='lat' dir='ltr'>et</span> <span class='ocrx_word' id='word_1_213' title='bbox 730 2200 803 2244; x_wconf 76' lang='lat' dir='ltr'>solidis,</span> 
     </span>
     <span class='ocr_line' id='line_1_30' title="bbox 75 2266 802 2318; baseline 0.003 -16"><span class='ocrx_word' id='word_1_214' title='bbox 75 2270 94 2303; x_wconf 78' lang='lat' dir='ltr'>ei</span> <span class='ocrx_word' id='word_1_215' title='bbox 107 2278 129 2304; x_wconf 82' lang='lat' dir='ltr'>eu</span> <span class='ocrx_word' id='word_1_216' title='bbox 144 2272 188 2306; x_wconf 83' lang='lat' dir='ltr'>ocio</span> <span class='ocrx_word' id='word_1_217' title='bbox 203 2268 282 2318; x_wconf 80' lang='lat' dir='ltr'>reliquis</span> <span class='ocrx_word' id='word_1_218' title='bbox 295 2267 389 2318; x_wconf 83' lang='lat' dir='ltr'>prodeunt</span> <span class='ocrx_word' id='word_1_219' title='bbox 397 2267 448 2306; x_wconf 77' lang='lat' dir='ltr'>venii</span> <span class='ocrx_word' id='word_1_220' title='bbox 458 2279 538 2316; x_wconf 75' lang='lat' dir='ltr'>poenae,</span> <span class='ocrx_word' id='word_1_221' title='bbox 550 2267 587 2316; x_wconf 79' lang='lat' dir='ltr'>qui,</span> <span class='ocrx_word' id='word_1_222' title='bbox 602 2266 634 2305; x_wconf 89' lang='lat' dir='ltr'>ubi</span> <span class='ocrx_word' id='word_1_223' title='bbox 644 2266 748 2312; x_wconf 72' lang='lat' dir='ltr'>mittuntur,</span> <span class='ocrx_word' id='word_1_224' title='bbox 760 2278 802 2315; x_wconf 90' lang='lat' dir='ltr'>per-</span> 
     </span>
     <span class='ocr_line' id='line_1_31' title="bbox 75 2330 803 2385; baseline 0.001 -15"><span class='ocrx_word' id='word_1_225' title='bbox 75 2330 122 2371; x_wconf 85' lang='lat' dir='ltr'>dnni</span> <span class='ocrx_word' id='word_1_226' title='bbox 135 2338 215 2378; x_wconf 83' lang='lat' dir='ltr'>terreni,</span> <span class='ocrx_word' id='word_1_227' title='bbox 236 2338 254 2373; x_wconf 79' lang='lat' dir='ltr'>et</span> <span class='ocrx_word' id='word_1_228' title='bbox 269 2345 408 2385; x_wconf 20' lang='lat' dir='ltr'>equemvsuper</span> <span class='ocrx_word' id='word_1_229' title='bbox 422 2345 454 2378; x_wconf 83' lang='lat' dir='ltr'>en,</span> <span class='ocrx_word' id='word_1_230' title='bbox 475 2344 541 2371; x_wconf 87' lang='lat' dir='ltr'>ornnes</span> <span class='ocrx_word' id='word_1_231' title='bbox 557 2331 598 2381; x_wconf 84' lang='lat' dir='ltr'>ejus</span> <span class='ocrx_word' id='word_1_232' title='bbox 612 2333 685 2372; x_wconf 83' lang='lat' dir='ltr'>incolas</span> <span class='ocrx_word' id='word_1_233' title='bbox 694 2337 719 2372; x_wconf 70' lang='lat' dir='ltr'>,et</span> <span class='ocrx_word' id='word_1_234' title='bbox 734 2334 803 2378; x_wconf 80' lang='lat' dir='ltr'>omnia,</span> 
     </span>
     <span class='ocr_line' id='line_1_32' title="bbox 76 2401 467 2453; baseline 0 -16"><span class='ocrx_word' id='word_1_235' title='bbox 76 2401 156 2449; x_wconf 81' lang='lat' dir='ltr'>quaein</span> <span class='ocrx_word' id='word_1_236' title='bbox 172 2402 237 2453; x_wconf 80' lang='lat' dir='ltr'>equus,</span> <span class='ocrx_word' id='word_1_237' title='bbox 261 2402 336 2441; x_wconf 84' lang='lat' dir='ltr'>sivein</span> <span class='ocrx_word' id='word_1_238' title='bbox 351 2402 404 2440; x_wconf 91' lang='lat' dir='ltr'>sicco</span> <span class='ocrx_word' id='word_1_239' title='bbox 419 2404 467 2439; x_wconf 84' lang='lat' dir='ltr'>suni.</span> 
     </span>
    </p>
   </div>
   <div class='ocr_carea' id='block_1_8' title="bbox 76 2468 805 2661">
    <p class='ocr_par' dir='ltr' id='par_1_13' title="bbox 76 2468 805 2661">
     <span class='ocr_line' id='line_1_33' title="bbox 130 2468 803 2529; baseline -0.001 -13"><span class='ocrx_word' id='word_1_240' title='bbox 130 2479 149 2526; x_wconf 81' lang='grc'>4)</span> <span class='ocrx_word' id='word_1_241' title='bbox 163 2480 237 2519; x_wconf 87' lang='lat' dir='ltr'>Primus</span> <span class='ocrx_word' id='word_1_242' title='bbox 259 2479 327 2518; x_wconf 84' lang='lat' dir='ltr'>horum</span> <span class='ocrx_word' id='word_1_243' title='bbox 345 2468 449 2520; x_wconf 46' lang='lat' dir='ltr'>ventorum*</span> <span class='ocrx_word' id='word_1_244' title='bbox 466 2477 504 2516; x_wconf 83' lang='lat' dir='ltr'>exit</span> <span class='ocrx_word' id='word_1_245' title='bbox 518 2489 529 2516; x_wconf 91' lang='lat' dir='ltr'>e</span> <span class='ocrx_word' id='word_1_246' title='bbox 543 2481 608 2528; x_wconf 82' lang='lat' dir='ltr'>porte,</span> <span class='ocrx_word' id='word_1_247' title='bbox 636 2489 685 2529; x_wconf 80' lang='lat' dir='ltr'>quae</span> <span class='ocrx_word' id='word_1_248' title='bbox 705 2478 803 2516; x_wconf 80' lang='lat' dir='ltr'>orientalis</span> 
     </span>
     <span class='ocr_line' id='line_1_34' title="bbox 76 2544 805 2595; baseline 0.003 -16"><span class='ocrx_word' id='word_1_249' title='bbox 76 2549 163 2584; x_wconf 73' lang='lat' dir='ltr'>vocatur.</span> <span class='ocrx_word' id='word_1_250' title='bbox 186 2556 221 2595; x_wconf 90' lang='lat' dir='ltr'>per</span> <span class='ocrx_word' id='word_1_251' title='bbox 235 2545 315 2594; x_wconf 79' lang='lat' dir='ltr'>primam</span> <span class='ocrx_word' id='word_1_252' title='bbox 329 2545 437 2595; x_wconf 82' lang='lat' dir='ltr'>ponamin</span> <span class='ocrx_word' id='word_1_253' title='bbox 452 2544 535 2588; x_wconf 80' lang='lat' dir='ltr'>oriente,</span> <span class='ocrx_word' id='word_1_254' title='bbox 562 2555 610 2594; x_wconf 82' lang='lat' dir='ltr'>quae</span> <span class='ocrx_word' id='word_1_255' title='bbox 624 2555 691 2584; x_wconf 86' lang='lat' dir='ltr'>versus</span> <span class='ocrx_word' id='word_1_256' title='bbox 705 2544 805 2583; x_wconf 80' lang='lat' dir='ltr'>meridiem</span> 
     </span>
     <span class='ocr_line' id='line_1_35' title="bbox 76 2606 750 2661; baseline 0.006 -16"><span class='ocrx_word' id='word_1_257' title='bbox 76 2606 163 2652; x_wconf 79' lang='lat' dir='ltr'>inclinar.</span> <span class='ocrx_word' id='word_1_258' title='bbox 190 2613 217 2652; x_wconf 80' lang='lat' dir='ltr'>Er</span> <span class='ocrx_word' id='word_1_259' title='bbox 231 2613 266 2652; x_wconf 84' lang='lat' dir='ltr'>hec</span> <span class='ocrx_word' id='word_1_260' title='bbox 282 2614 319 2653; x_wconf 79' lang='lat' dir='ltr'>exii</span> <span class='ocrx_word' id='word_1_261' title='bbox 334 2613 418 2658; x_wconf 77' lang='lat' dir='ltr'>eversio,</span> <span class='ocrx_word' id='word_1_262' title='bbox 434 2609 519 2656; x_wconf 76' lang='lat' dir='ltr'>ariditas,</span> <span class='ocrx_word' id='word_1_263' title='bbox 538 2614 603 2651; x_wconf 77' lang='lat' dir='ltr'>cestus</span> <span class='ocrx_word' id='word_1_264' title='bbox 617 2615 637 2650; x_wconf 82' lang='lat' dir='ltr'>et</span> <span class='ocrx_word' id='word_1_265' title='bbox 649 2610 750 2661; x_wconf 75' lang='lat' dir='ltr'>pernicies,</span> 
     </span>
    </p>
   </div>
   <div class='ocr_carea' id='block_1_9' title="bbox 97 2748 240 2856">
    <p class='ocr_par' dir='ltr' id='par_1_14' title="bbox 97 2748 240 2856">
     <span class='ocr_line' id='line_1_36' title="bbox 119 2748 240 2785; baseline 0.017 -4"><span class='ocrx_word' id='word_1_266' title='bbox 119 2748 137 2785; x_wconf 72' lang='grc'>1)</span> <span class='ocrx_word' id='word_1_267' title='bbox 149 2749 199 2783; x_wconf 66' lang='lat' dir='ltr'>Paris,</span> <span class='ocrx_word' id='word_1_268' title='bbox 213 2751 240 2783; x_wconf 33' lang='lat' dir='ltr'>uisi</span> 
     </span>
     <span class='ocr_line' id='line_1_37' title="bbox 97 2810 157 2856; baseline 0.05 -14"><span class='ocrx_word' id='word_1_269' title='bbox 97 2810 157 2856; x_wconf 64' lang='lat' dir='ltr'>Proph,</span> 
     </span>
    </p>
   </div>
   <div class='ocr_carea' id='block_1_10' title="bbox 0 0 925 3145">
    <p class='ocr_par' dir='ltr' id='par_1_15' title="bbox 0 0 925 3145">
     <span class='ocr_line' id='line_1_38' title="bbox 0 0 925 3145; baseline 0 0"><span class='ocrx_word' id='word_1_270' title='bbox 0 0 925 3145; x_wconf 95' lang='lat' dir='ltr'> </span> 
     </span>
    </p>
   </div>
  </div>
 </body>
</html>
