1758 3137
102 159 128 198 26
371 158 450 193 escensio
461 158 514 193 Isaiae
526 160 569 194 vatis

159 275 193 324 ts)
213 274 236 313 Et
255 285 299 313 curn
318 273 449 321 adolesceret,
468 274 550 315 faciebat
568 276 622 328 signa
636 279 720 329 magna,
740 277 832 326 111111111-

103 342 144 382 cula
159 342 178 381 in
192 347 241 382 terra
255 341 331 381 Israelis
347 347 366 382 et
381 342 535 394 Hierosolymae.

159 411 193 459 19)
211 412 235 452 ut
253 408 345 462 posthaec
364 411 420 451 alieni
440 423 483 451 eum
503 412 523 451 in
544 411 588 452 odio
602 411 706 458 habebant,
727 417 746 453 et
760 414 832 454 exeita·
849 398 851 401 Ι

101 480 147 520 bant
166 478 215 519 lilios
234 478 309 519 Israelis
327 479 347 518 in
365 491 409 519 eum
422 480 542 527 nescientes,
566 480 608 532 quis
627 480 672 527 ille;
691 484 711 521 et
729 480 833 522 tradebant

103 558 146 586 eum
165 547 216 598 regi,
236 551 255 585 et
273 541 416 596 suspendebant
436 558 489 593 eum,
514 552 533 587 et
552 547 683 604 descendebat
701 547 725 586 ad
743 549 832 599 angelum

102 615 176 655 trientis.

157 696 193 744 ⁶20)
213 695 234 734 ln
248 694 382 744 Hierosolyma
397 695 461 744 asperi
477 706 521 734 eum
536 707 652 746 suspensum
665 696 686 734 in
700 696 785 748 arbore„

157 763 193 811 ul)
212 763 236 801 Et
248 766 293 813 post
308 763 382 801 tertium
397 762 448 801 diem
461 764 580 815 resurgebat,
592 762 598 784 ¹
618 762 689 813 diuque
703 764 797 802 manebat.

157 830 193 879 22)
211 831 235 870 ut
249 830 333 881 arrgelus,
349 830 381 880 qui
394 842 425 869 me
441 824 531 877 ducebat,
546 831 616 881 inquit:
637 831 736 882 „lntolligc
750 831 830 880 lsaias.“

101 898 125 937 Et
138 898 187 944 vidi,
204 898 247 936 cum
261 885 344 936 mitteret
358 897 461 936 duodecim
476 898 592 949 discipulos,
608 901 627 937 el
641 897 760 937 ascenderet.

158 965 195 1015 23)
215 967 238 1006 Et
257 977 293 1017 ego
312 965 377 1015 aspexi
396 976 445 1004 eum.
477 966 500 1005 Et
519 966 553 1005 11111
571 966 591 1004 in
610 964 738 1012 finnameuto,
760 971 779 1006 et
792 978 833 1005 non

101 1038 183 1073 mutatus
203 1033 357 1073 estsecundum
376 1046 441 1072 eorum
462 1034 550 1080 formam,
571 1038 590 1073 et
611 1046 678 1074 omnes
694 1033 756 1085 angeli
770 1033 832 1073 firma-

102 1102 162 1142 nenti
177 1107 196 1142 cl
210 1102 289 1142 Satanas
305 1095 393 1142 viderunt
408 1113 462 1147 eum,
478 1106 497 1141 et
511 1102 617 1141 coluerunt.

157 1170 193 1219 14)
214 1172 237 1211 Et
250 1182 318 1222 magna
332 1171 407 1210 tristitia
421 1170 456 1210 fuit
470 1170 508 1217 ibi,
530 1170 575 1209 dum
589 1170 688 1209 dicebant:
714 1167 832 1215 „Quomodo

103 1242 181 1283 „noster
195 1239 288 1277 Dominus
303 1239 403 1277 descendit
417 1239 441 1277 ad
455 1251 501 1284 nos,
520 1243 539 1277 et
552 1251 588 1276 nos
603 1250 642 1276 non
657 1237 754 1276 sensimus
769 1237 832 1286 splen-

103 1304 192 1351 ,‚dorem,
208 1306 240 1357 qui
255 1305 296 1356 ejus
312 1310 350 1350 est,
366 1317 423 1355 quern
438 1306 551 1355 aspicimus,
571 1304 638 1354 quiin
653 1316 676 1343 eo
693 1307 780 1354 repertus
795 1306 831 1347 est,

105 1378 171 1418 „serto
186 1374 262 1410 coelo.“

157 1451 193 1500 25)
214 1453 237 1492 ut
251 1451 338 1492 ascendit
350 1452 370 1490 in
384 1452 491 1491 secundnm
506 1452 592 1497 coelum,
610 1455 629 1490 el
642 1463 682 1490 non
696 1453 778 1489 mutatus
793 1453 832 1494 est;

103 1518 138 1558 sed
152 1530 219 1559 omnes
240 1517 302 1569 angeli
315 1517 342 1556 ibi
356 1522 410 1559 crant
425 1519 448 1564 11,
468 1518 501 1570 qui
515 1530 526 1558 a
540 1517 615 1563 dextra,
638 1521 657 1558 et
674 1529 685 1557 a
704 1516 791 1561 sinistra,
810 1518 831 1554 et

101 1587 182 1627 thronus
196 1588 215 1625 in
229 1587 293 1626 medio
309 1590 354 1626 erat.

157 1654 194 1703 21)
213 1655 237 1695 Et
257 1653 345 1694 colebant
364 1665 417 1699 eum,
439 1658 459 1693 et
473 1653 606 1694 collaudabant
623 1664 676 1698 eum,
699 1655 719 1692 et
732 1650 830 1691 dicebant:

103 1723 220 1771 „Quomodo
233 1722 328 1762 Dominus
343 1725 409 1768 noster
423 1722 495 1761 celatus
511 1726 541 1762 est
553 1722 619 1767 nobis,
635 1720 680 1760 dum
695 1717 830 1764 descendebat,

102 1795 134 1838 „et
147 1803 187 1830 non
201 1788 417 1831 animadvertebamus.“

155 1870 192 1917 117)
211 1871 235 1910 Et
255 1869 342 1909 similiter
360 1869 447 1909 aseendit
466 1870 486 1909 in
504 1870 582 1909 tertium
601 1869 685 1922 eoelum,
705 1873 725 1908 et
744 1867 830 1908 similiter

102 1937 257 1978 collaudaverunt
271 1940 290 1975 et
304 1934 396 1975 diverunt.

157 2004 193 2052 28)
211 2005 235 2043 ut
248 2004 268 2042 in
283 2007 348 2053 quarto
364 2003 420 2042 coelo
435 2006 454 2042 el
469 2003 534 2054 quinto
549 2002 636 2042 similiter
651 2002 742 2043 dixerunt.

157 2072 193 2121 19)
215 2059 255 2111 Sed
269 2070 383 2110 collaudatio
397 2082 435 2110 una
448 2071 493 2117 luit3
507 2083 544 2110 nec
558 2071 651 2121 posthaec
665 2076 747 2112 mutatus
762 2077 797 2112 est.

157 2139 192 2188 30)
212 2139 235 2178 Ε1
248 2138 296 2184 vidi,
318 2150 361 2177 eum
378 2138 398 2177 in
413 2143 487 2177 sextum
502 2138 578 2177 coelum
592 2138 714 2185 ascenderet,
734 2143 753 2179 et
767 2140 831 2179 colue-

102 2212 146 2248 runt
160 2218 203 2247 eum
218 2211 237 2247 et
252 2205 407 2246 collaudaverunt
421 2217 470 2245 eum.

157 2274 193 2324 31)
217 2273 255 2314 Sed
269 2274 289 2314 in
304 2272 392 2313 omnibus
409 2273 468 2313 coelis
484 2271 599 2313 collaudatio
614 2272 708 2314 associata
722 2279 757 2315 esl.

157 2332 192 2392 33)
211 2344 235 2384 El
248 2344 284 2385 vidi
300 2356 354 2389 eum,
376 2342 472 2394 quomodo
495 2341 615 2382 ascenditiu
630 2343 732 2393 septimum
747 2344 829 2390 eoelum,

44 2460 45 2464 Ἰ
102 2415 121 2450 et
135 2422 201 2450 omnes
220 2413 281 2451 sancti
299 2423 407 2462 omnesque
424 2411 486 2462 augeli
501 2408 655 2450 collaudaverunt
671 2422 720 2449 eum
747 2413 771 2452 Et
785 2425 830 2451 eon·

101 2478 164 2518 festim
182 2479 229 2526 vidi,
250 2475 309 2531 qnodv
321 2479 400 2522 sedita
421 2479 485 2519 dextra
504 2478 556 2518 illius
575 2490 654 2529 magnae
670 2479 755 2526 Gloriae,
775 2480 830 2530 qu'us

102 2546 223 2596 splendorem
238 2547 275 2585 111111
289 2547 343 2586 vobis
358 2558 441 2586 menon
456 2557 515 2597 posse
530 2545 622 2595 aspicere.

157 2614 193 2662 33)
212 2615 235 2653 ut
248 2615 336 2667 arrgelum
352 2614 432 2666 Spiritus
447 2614 508 2653 sancti
522 2612 572 2659 vidi,
593 2611 644 2664 quod
659 2612 708 2652 sedit
723 2624 732 2652 a
748 2613 842 2660 sinistra„

147 2776 165 2820 1)
179 2777 236 2815 illest
