1807 3145
124 194 165 244 '3274
429 199 469 233 llilu
479 197 551 233 llerlini.

180 314 234 356 Tunc
247 315 341 358 blerlinus
355 316 389 363 ait,
405 315 490 369 gaudens
505 303 549 368 quia
562 303 644 367 possit¹
658 302 720 355 abire:

126 387 214 434 „Idcirco
230 387 272 434 risi,
289 388 390 440 quoniam,
405 386 515 432 Rodarche,
530 374 582 426 luisti
605 384 607 386 ’

124 455 185 494 Facto
200 455 305 505 culpandus
321 455 379 495 simul
394 460 413 494 et
424 453 530 500 laudandus
545 453 625 497 eodcm;

94 539 100 541 -
124 520 175 560 Dum
189 521 275 562 traheres
289 523 357 562 folium
369 508 439 569 modo,
454 520 506 574 quod
519 521 586 574 regina
600 518 674 572 capillis

124 588 194 630 Nescia
208 589 304 641 gestabat,
319 590 415 642 deresque
429 582 508 630 fidelior
517 589 545 629 illi

127 656 190 705 Quam
203 656 240 696 luit
252 656 284 697 illa
298 657 343 703 tibi,
359 656 435 708 quando
449 657 530 710 virgulta
544 657 626 702 subivit,

127 723 171 771 Quo
186 735 232 764 suus
248 725 332 765 occurrit
346 735 451 776 secumque
467 724 525 765 coivit
539 724 624 765 adulter:

126 791 215 843 Dumque
229 793 297 844 supina
311 794 373 840 foret,
390 793 461 844 sparsis
476 793 495 832 in
511 792 595 832 crinibus
610 790 672 832 haesit

126 858 184 912 Eprtc
196 858 265 910 jacens
279 860 357 906 lolium,
373 860 518 913 quodnescirs
533 859 639 911 eripuisti.“
711 876 715 881 ⁴

182 993 232 1047 Ergo
248 1007 306 1048 super
319 995 352 1035 tali
366 993 478 1036 Rodcrcbus
493 995 573 1034 crimine
588 994 647 1035 tristis

127 1061 157 1103 un
171 1063 245 1109 subite,
260 1062 371 1115 vultumque
386 1073 443 1104 suum
456 1062 532 1104 divertit
546 1061 568 1103 ab
583 1062 628 1110 illa;

127 1132 271 1184 Damnabatque
286 1132 348 1180 diem,
364 1121 419 1185 qual
434 1142 455 1173 sc
470 1132 596 1183 conjunxerat
609 1129 642 1170 illi.

128 1199 182 1240 Mota
197 1206 227 1241 set
240 1199 344 1246 inabiud,
359 1197 415 1242 vultu
425 1200 500 1240 ridente
514 1200 607 1250 pudorem

129 1267 191 1313 Colat,
206 1272 225 1308 et
240 1267 342 1323 alloquitur
355 1269 388 1308 tali
402 1257 492 1308 sermone
507 1259 608 1307 maritum:¹

129 1337 181 1383 „Gur
194 1337 275 1377 tristaris
290 1338 373 1389 amans?
387 1349 421 1377 cur
436 1337 464 1377 sic
478 1334 568 1377 irasceris
583 1332 668 1381 ablue,

128 1404 199 1457 Meque
212 1416 249 1444 nec
264 1417 287 1445 eu
300 1405 368 1445 merito
383 1404 472 1451 damnas,
481 1396 589 1459 ‘credisque
602 1404 671 1444 furenti

130 1470 168 1518 Qui
182 1471 255 1510 ratione
270 1483 338 1511 carens
352 1472 422 1512 miscet
436 1471 536 1511 mendacia
551 1469 616 1512 veris?

128 1539 239 1580 Multotiens
254 1539 287 1589 qui
302 1531 362 1580 credit
376 1539 394 1580 ei
408 1539 429 1579 fit
443 1530 518 1579 stultior
532 1535 571 1578 illo.

129 1608 200 1659 Excipe
214 1619 265 1648 nunc
279 1609 347 1660 igitur,
362 1621 387 1649 no
402 1610 439 1649 sim
454 1609 545 1660 decepta,
560 1608 645 1660 probabo

131 1674 193 1724 Quod
204 1676 230 1714 sit
244 1675 327 1722 delirus,
343 1676 395 1726 quod
408 1689 447 1715 non
462 1677 487 1715 sit
500 1688 545 1716 vera
559 1676 654 1715 locutus.“

128 1735 154 1781 Ut
167 1741 231 1793 plures
247 1742 287 1789 alii,
301 1743 364 1783 fueret
377 1754 425 1795 puer
438 1754 487 1782 unus
502 1742 521 1781 in
537 1741 588 1781 aula:

129 1810 185 1850 Hunc
200 1821 244 1848 cum
258 1811 378 1860 prospiceret
392 1807 507 1852 convolvit⁴
520 1810 608 1860 protinus
623 1814 683 1850 artem

130 1877 230 1929 lngeniosa
245 1889 322 1923 novam,
338 1890 374 1928 qua
387 1878 427 1917 vult
441 1879 557 1917 convincere
571 1879 654 1932 tratrem.

55 1965 57 1968 ·
130 1944 176 1986 lnde
189 1944 255 1986 venire
267 1942 322 1995 jubet
335 1956 427 1995 puerum,
442 1944 558 1996 fratremque
572 1949 661 1996 precatur

132 2014 174 2062 Qua
188 2013 290 2053 moriturus
307 2011 360 2053 erit⁵
374 2015 429 2066 pueri
442 2013 553 2066 praedicere
568 2019 655 2053 mortem.

184 2151 235 2201 Ergo
249 2150 307 2189 trater
321 2151 349 2195 ei,
366 2151 439 2197 „Soror
454 2163 466 2190 o
481 2151 605 2194 carissimas*
621 2150 675 2196 dixit,

132 2214 181 2263 „Hic
196 2214 288 2256 morietur
301 2215 360 2256 bomo
375 2215 427 2257 celsa
442 2215 466 2257 dc
480 2229 527 2270 rupe
541 2214 648 2258 ruendo“‘⁵

130 2286 164 2325 llla
179 2285 215 2324 sub
226 2282 235 2306 ⁷
248 2284 312 2324 ridens
326 2296 387 2337 puero
401 2286 500 2337 praecepit
513 2286 576 2330 abire,

130 2353 155 2393 Et
168 2353 236 2405 quibus
251 2353 328 2393 indutus
342 2354 403 2393 fuerat
417 2354 514 2406 deponere
526 2359 603 2402 uestes,

132 2422 156 2461 Et
168 2421 239 2462 restire
253 2432 325 2468 nouas,
340 2421 448 2474 longosque
462 2418 570 2462 recidereS
585 2422 657 2469 crines;

134 2488 205 2542 Sicque
219 2487 281 2531 redire
293 2488 363 2544 jubet,
377 2494 399 2532 ut
413 2492 441 2533 eis
455 2495 545 2545 appareat
559 2491 611 2532 alter.

133 2603 282 2613 ....---·-—-

178 2677 198 2719 1)
209 2677 250 2713 dlii:
262 2679 350 2722 posset,
363 2679 381 2709 nt
393 2680 410 2709 et
421 2686 437 2711 v.
450 2675 489 2711 302.
508 2675 528 2719 2]
536 2676 623 2711 Itaornnes
631 2686 668 2711 mss.
676 2680 743 2721 practer
751 2677 864 2721 praecipuum,

132 2734 244 2786 ubianae.
266 2732 407 2778 &bagmans
430 2731 498 2775 Mb:
516 2735 647 2768 convertit.
671 2733 865 2787 5JAliicoddrmclius

133 2791 199 2826 forsan:
217 2792 270 2827 erat.
297 2789 387 2832 &Horta
404 2790 511 2825 cadendo.
539 2789 557 2834 ἵ)
576 2790 636 2827 Vetus:
654 2788 701 2826 bec.
732 2791 750 2830 8)
767 2790 803 2827 Alc
820 2800 865 2826 res-

134 2850 241 2884 sindone.
