1807 3145
337 179 426 216 canone
437 177 492 212 illusis.
716 172 718 175 ¹
735 177 775 216 345

48 296 152 350 appellarit
180 295 279 348 Urgebant
293 305 366 342 omues,
381 299 406 335 ut
415 294 479 348 legem
494 290 580 337 doceret,
596 289 665 338 abnuit,
680 292 739 341 utque
754 287 778 327 ab

48 359 108 408 losua⁴
120 364 236 411 discerent,
247 362 350 405 contendit.
378 363 457 404 Interim
470 362 541 402 emissa
555 352 636 401 coelitus
650 371 685 401 vor
699 359 779 398 Josuam

47 433 165 483 interpretari
178 432 239 482 jubet
267 433 342 472 Primus
357 438 409 483 ergo
418 431 469 472 sedit
483 443 493 470 a
508 430 572 470 deutra
585 428 661 475 moses,
677 440 687 468 a
701 427 778 467 sinistra

47 501 80 543 filii
98 501 179 541 daronis
199 501 283 542 aderant.
312 502 333 541 lt.
353 500 431 541 Samuel
446 496 591 539 Nebemanidcs
611 496 636 537 ait
653 496 714 536 Deum
732 499 778 534 tunc
790 532 795 541 „

48 568 127 609 dixisse:
141 567 294 608 Benedictus
311 568 351 619 qui
365 567 443 618 eligit¹
454 566 537 617 justos
557 569 580 605 et
596 565 670 605 verba
689 561 793 618 eorum.-

48 636 101 678 Tunc
118 635 167 687 legis
190 648 212 677 ac
231 637 335 688 sapientiae
354 641 411 688 sepes
424 634 476 677 llost
495 634 556 674 ablata
574 633 598 674 ad
616 632 694 673 Josuam
712 642 778 682 perve-

47 703 79 744 011.
107 702 173 752 Neque
191 703 265 743 sciebat
278 704 355 750 Moses,
371 705 408 742 hoc
424 703 475 754 quod
488 702 548 741 Josue
568 701 655 740 docebat.
682 699 779 749 Urgebant
810 709 815 717 ’

46 776 109 810 tamen
128 770 182 810 illum
201 772 225 811 ad
241 773 290 824 legis
303 771 465 823 'explicationem
487 769 550 809 donec
570 770 625 820 ipse,
647 779 696 818 ego,
718 765 779 816 inquit

46 839 119 886 nescio,
135 839 182 893 quid
194 840 315 892 respondere·
326 840 412 881 debeam.
440 840 495 880 Adeo
510 839 600 889 autiquae
613 834 725 877 eruditionis
745 831 778 871 cb-

46 908 90 947 litus
105 910 189 959 apruno
211 914 260 949 statu
281 910 384 950 deciderat.
412 910 507 956 Domine,
528 909 562 954 ait,
581 908 619 946 huc
638 916 701 955 usque
722 902 779 942 vitam

46 977 101 1026 petii:
114 988 165 1016 nunc
180 979 262 1022 animam
275 991 338 1019 meam
352 979 386 1019 tibi
399 979 460 1019 trado.
488 978 523 1019 Vir
538 980 621 1017 mortem
636 986 658 1015 se
672 984 711 1014 000
725 982 779 1010 rccu-

46 1054 88 1083 sarc
108 1035 188 1091 dixerat.
209 1058 253 1086 cum
266 1045 371 1088 Dominus:
391 1046 434 1099 quis
454 1048 522 1101 surget
540 1044 587 1083 milri
601 1053 645 1082 cum
659 1039 778 1082 vociferanti-

45 1112 92 1159 bus,
113 1113 154 1164 quis
174 1126 209 1166 pro
228 1114 287 1154 lsrael
301 1115 421 1167 precabitur,
443 1117 537 1153 cum'me
556 1112 579 1152 ad
596 1112 643 1151 iram
657 1107 777 1161 provocabit3

46 1190 89 1218 cum
103 1180 200 1232 pugnabit,
215 1183 258 1232 qaus
272 1194 303 1221 me
317 1182 406 1232 peccanti
421 1181 545 1222 conciliabit?
565 1179 630 1219 Adicit
643 1191 667 1217 eo
681 1178 778 1216 momento

45 1246 152 1299 Melatton,
172 1252 229 1299 atque
242 1250 263 1288 in
276 1250 345 1290 taciem
359 1251 424 1296 fusus,
444 1251 538 1296 Domine,
557 1253 601 1287 tuus
621 1257 698 1297 semper
711 1243 778 1283 Moses

46 1311 424 1367 (100001011101000000000001000
438 1317 524 1360 moritur,
540 1315 581 1355 erit.
605 1315 621 1353 Ο
637 1311 779 1355 1101000000

45 1380 149 1429 Dominus,
170 1383 245 1423 docebo
266 1388 285 1424 te
304 1384 324 1423 in
343 1384 438 1436 parabola.
472 1383 587 1438 Rexlfilium
605 1383 733 1431 susceperat,¹
748 1375 779 1416 cui

46 1449 205 1499 singulis'diebus
225 1453 305 1502 graviter
326 1454 464 1499 succensebat,
486 1465 569 1503 eumque
593 1450 677 1502 neglecti
695 1447 779 1500 parentis

46 1527 100 1555 rcum
115 1518 192 1569 saepius
206 1519 359 1560 interficiendum
373 1521 505 1566 mandaverat,
525 1523 592 1561 verum
611 1522 672 1560 mater·
690 1516 779 1568 precibus

46 1584 74 1622 illi
88 1585 144 1624 vitam
159 1587 271 1626 obtinuerat
301 1589 376 1637 Optima
390 1580 462 1638 Regina
483 1589 541 1627 vitam
560 1587 618 1629 ciruit‘,
640 1585 723 1633 dumque
737 1584 778 1622 lter

46 1652 106 1692 nimio
120 1664 141 1693 se
160 1652 206 1694 fletu
225 1653 318 1701 cruciat,
331 1654 372 1706 ejus
388 1667 465 1696 causam
479 1665 571 1707 proceres
586 1652 712 1693 sciscitantur.
738 1648 777 1694 llle,

46 1732 86 1759 000
100 1721 164 1760 uxoris
179 1726 252 1762 tanturn
267 1734 333 1770 causa,
349 1724 384 1764 sed
397 1723 432 1763 filii
447 1707 585 1775 etiam'lugem
607 1732 663 1773 quem
678 1719 753 1769 saepius
768 1729 778 1757 a

47 1794 109 1829 morte
124 1790 194 1840 conjux
208 1791 301 1833 liberauit·
327 1795 368 1845 ugo
383 1794 455 1844 pariter
469 1805 508 1832 000
524 1792 548 1832 ob
562 1791 632 1834 Mosen
651 1789 724 1835 solum,
744 1785 779 1827 sed

48 1856 72 1897 ob
87 1858 146 1899 lsrael
162 1859 218 1899 etiam
233 1859 301 1908 doleo,
318 1873 374 1913 quem
389 1860 435 1900 milri
445 1860 503 1900 toties
514 1859 572 1905 irato,
588 1856 707 1901 conciliavit,
723 1854 779 1894 adeo-

48 1936 84 1976 que
100 1926 214 1978 quominus
230 1925 324 1974 delerem,
345 1925 441 1979 impediit:
461 1926 566 1967 Dixerat
580 1936 606 1965 se
620 1922 779 1976 perditurum

48 1992 283 2039 eos,1rtstelectu's
299 1994 453 2045 cjuoltloscs
474 1993 593 2034 audacter
614 1994 716 2031 orasset
735 2001 778 2041 pro

48 2072 86 2106 co,
106 2061 354 2112 etiram‘placasset.
382 2062 436 2100 Deus
451 2062 509 2113 igitur
523 2060 547 2100 ad
560 2060 641 2101 Mosen:
659 2059 725 2099 Ecce
745 2069 780 2107 ap-

46 2126 284 2179 propinquaverunt
299 2127 354 2182 dies
369 2129 405 2169 tui
420 2128 448 2168 ad
462 2127 629 2174 moriendum,
646 2125 699 2174 dies,
711 2125 779 2178 quihus

47 2194 146 2235 laetabitur
167 2197 229 2237 anima
250 2201 294 2244 tua,
317 2198 444 2249 omnibusque
458 2198 510 2237 horti
523 2197 577 2237 llden
592 2196 662 2238 delitiis
677 2194 780 2239 satiabitur,

47 2261 96 2302 sicut
111 2263 210 2304 scribitur:
231 2266 294 2318 emp
313 2269 386 2318 bamb
405 2264 434 2305 ad
452 2263 616 2306 haereditare
636 2262 780 2304 faciendum

48 2330 141 2368 amicos
156 2334 231 2369 meos.
260 2334 363 2370 Amicos
376 2326 440 2381 J'ustos
455 2332 552 2382 intelligit,
568 2333 600 2381 qui
614 2332 678 2381 legem
693 2335 712 2370 et
726 2341 781 2379 prae-

48 2400 102 2449 cepta
121 2396 181 2437 libare
203 2409 225 2437 ac
246 2399 322 2438 sincere
338 2398 483 2438 *confirmarunt
511 2399 534 2439 Et
548 2398 602 2438 alibi:
624 2397 705 2437 Amici
724 2395 781 2448 ejus

48 2466 118 2509 sicut
133 2470 202 2505 ortus
218 2465 286 2505 Solis
300 2466 326 2504 in
340 2465 497 2505 fortitudine
513 2476 562 2505 sua.
588 2465 610 2505 10
623 2477 672 2506 0000
686 2480 781 2517 amp.

47 2534 143 2574 Abraham
156 2536 208 2574 notat
223 2549 238 2584 ῃ
252 2524 371 2580 isaacum,
388 2533 518 2586 :iacobum
533 2550 542 2576 a
556 2534 637 2582 Mosen,
653 2551 662 2587 0
676 2543 710 2574 sex
724 2546 782 2574 anno-

47 2612 89 2641 rum
110 2601 170 2641 millia
189 2604 267 2651 propter
285 2600 348 2652 legem
368 2600 425 2642 Mcsi'
440 2600 528 2641 traditam
551 2602 633 2656 condita.
661 2602 781 2642 Geometrice

47 2679 147 2709 numerum
166 2671 212 2708 613,
232 2666 325 2711 iuvenies.
354 2667 391 2707 Alii
406 2683 414 2720 η
430 2667 453 2706 [10
467 2668 538 2708 tabulis
556 2668 713 2721 interpretantur,
735 2682 781 2721 quas

48 2748 81 2778 scr
101 2737 173 2790 palmas
195 2736 242 2775 latas
262 2735 393 2786 prodiderunt.
421 2735 476 2777 Unde
496 2748 542 2778 vero
562 2752 577 2788 p
595 2750 666 2777 nornen
680 2737 780 2779 Abrabami

48 2805 148 2860 designare
159 2808 230 2848 scimus
240 2805 260 2846 iu
269 2817 317 2846 0000
324 2807 403 2860 taratra?
414 2820 437 2849 ex
445 2807 480 2848 illc
490 2822 552 2861 amp<
562 2822 636 2861 ma
643 2788 680 2874 ,ᾧ
694 2807 780 2847 Samen
