1807 3145
395 171 459 206 Enochi
470 171 517 206 iiber.

397 287 456 327 GAP.
478 286 521 329 CIV.

151 360 171 407 1)
185 356 231 396 duro
247 356 312 402 vobis,
329 354 385 404 justi,
405 354 489 405 quodin
504 355 822 411 coetoangeli-commemorabunt
868 350 872 353 ’
902 351 904 353 ’

93 426 186 476 justitiam
200 428 282 464 uestram
297 434 362 462 coram
377 423 436 473 gloria
449 423 540 473 potentis.

150 493 172 542 2)
188 491 247 543 Spem
268 491 336 531 habete
357 490 439 536 bonam,
465 503 509 530 narn
533 495 587 531 antea
607 489 657 529 malo
680 495 699 529 ct
720 489 823 529 afflictione

95 561 155 601 aretati
165 560 219 604 estis⁷
228 558 263 598 sed
273 571 323 597 nunc
333 558 421 598 lucebitis
431 558 481 597 sicut
490 558 539 597 coeli
548 557 651 602 luminaria,
663 556 762 609 conspicui
771 556 823 596 eritis

95 635 115 669 ct
129 629 178 668 coeli
192 617 260 678 portae
273 627 327 665 robis
341 628 437 676 patebunt.
463 627 560 667 Ciamores
575 627 633 667 vestri
645 625 738 674 judicium
753 624 824 675 efflagi-

95 701 147 742 tant,
168 702 186 735 et
201 693 376 746 apparebamus,
397 706 440 733 nam
455 696 503 734 ratio
518 695 600 734 omniurn
616 694 704 734 dolorum
718 698 824 733 vesuomm

97 767 193 815 repetetur
208 774 218 802 a
231 761 358 814 principibus,
380 766 423 826 pta
444 762 533 814 singuiis,
557 763 588 813 qui
607 761 729 813 praedatores
749 764 824 801 vestros

97 831 213 882 adjuverunt.
713 867 715 869 ,

154 901 176 946 3)
190 898 316 947 Exspectate,
332 910 367 936 nec
386 900 469 937 animum
488 899 574 949 dejicite3
601 910 645 937 nam
665 898 719 938 vobis
741 897 826 947 obtinget

98 977 187 1017 magnum
209 964 309 1015 gaudium,
334 966 384 1004 sicut
403 961 492 1017 gandium
514 967 625 1018 angelorum
644 966 706 1011 coeli3
735 955 826 1016 quidquid

98 1033 189 1079 feceritis,
208 1032 258 1071 haud
273 1033 343 1071 occtdti
358 1034 410 1073 eritis
424 1034 487 1086 magni
500 1033 568 1084 J'udicii
583 1034 623 1080 die,
642 1046 681 1073 non
696 1031 826 1084 deprehende-

98 1101 144 1141 mini
158 1105 179 1140 ut
189 1105 302 1152 peccatores
307 1113 312 1146 ;
327 1106 346 1140 et
358 1107 433 1142 aeterna
446 1102 580 1142 condemnatio
591 1102 659 1153 procul
673 1114 682 1141 a
694 1101 749 1142 vobis
760 1099 825 1143 aberit,

97 1181 132 1219 per
147 1180 204 1207 omne
217 1167 284 1206 mnndi
298 1180 369 1208 aarum.

155 1235 177 1283 4)
192 1235 215 1274 Et
224 1246 273 1274 nunc
284 1248 308 1275 ne
317 1235 405 1282 timeatis,
413 1235 466 1286 justi,
482 1250 527 1276 curn
534 1242 646 1288 peecatores
657 1234 725 1276 videtis
735 1234 827 1275 docentes

57 1325 59 1327 >
100 1307 119 1342 et
132 1302 198 1343 felices
212 1304 232 1343 in
246 1305 331 1354 ipsorum
345 1304 386 1345 viis.

124 1362 129 1379 ⁵
157 1372 179 1419 5)
194 1370 222 1410 Ne
237 1370 285 1410 socii
300 1383 367 1411 eorum
381 1372 432 1418 sitis;
453 1372 488 1413 sed
503 1373 525 1413 ab
541 1373 666 1425 oppressione
681 1383 748 1411 eorum
761 1370 829 1422 procui

102 1442 175 1482 estote;
204 1437 253 1475 socii
276 1438 317 1476 sitis
339 1439 390 1477 coeli
411 1440 497 1480 catervis.
533 1440 583 1484 Vos,
607 1443 731 1490 peccatores,
756 1435 829 1475 dicitis:

104 1505 189 1544 omnium
198 1509 306 1545 nostrarum
315 1508 488 1558 transgressionem
498 1508 570 1548 mentio
580 1518 618 1546 non
625 1506 663 1552 fiet,
674 1517 710 1546 nec
717 1504 832 1561 recordatio

104 1571 143 1611 Sed
158 1583 225 1611 omnes
239 1575 313 1612 vestrae
326 1574 490 1625 transgressiones
499 1574 590 1626 vquotidie
603 1579 698 1614 notantur.

157 1642 179 1689 6)
193 1640 217 1680 Et
228 1639 268 1691 J'am
282 1641 443 1692 praedicaretis,
457 1645 521 1683 tricem
531 1656 553 1683 ac
563 1644 669 1695 caliginem,
685 1642 736 1681 diem
746 1645 831 1680 noctem-

104 1719 149 1758 que>
159 1712 228 1747 testem
243 1720 286 1749 esse
308 1710 392 1750 omnium
407 1711 582 1763 transgressionum
596 1715 707 1764 vestrarum.
736 1709 764 1748 Ne
778 1707 831 1758 impii

104 1775 145 1815 sitis
159 1776 179 1816 in
194 1775 339 1827 cogitationibus
349 1778 424 1825 vestris,
438 1791 462 1818 ne
477 1779 605 1826 mentiamini,
618 1791 669 1820 neve
683 1778 762 1818 verbum
776 1775 833 1816 recti·

103 1843 173 1885 tudinis
188 1844 276 1893 tradatis‚
291 1858 315 1885 ne
329 1847 446 1887 mentiamini
461 1853 527 1887 contra
539 1847 617 1889 verbum
632 1846 693 1887 sancti
708 1850 727 1886 et
742 1844 832 1896 potentis,

103 1924 128 1951 ne
142 1912 194 1952 idota
203 1917 266 1952 uestra
281 1914 391 1961 celebretis;
406 1928 449 1954 nam
464 1928 521 1956 omne
533 1921 633 1966 peceatum
642 1919 726 1955 uestrum
741 1918 760 1952 et
770 1911 832 1950 omnis

104 1979 191 2029 impietas
205 1984 268 2019 uestra
283 1993 321 2020 non
336 1982 373 2021 erit
386 1983 405 2021 in
417 1982 521 2031 pastinum,
542 1982 610 2021 sedin
624 1992 713 2033 magnum
728 1980 805 2017 crimen.

161 2047 183 2095 7)
198 2046 240 2086 dam
254 2050 366 2098 mysterium
378 2050 431 2089 vobis
446 2051 545 2091 revelabo:
560 2051 613 2090 multi
627 2052 739 2102 peccatores
750 2056 834 2089 corrum-

106 2118 151 2164 pent
166 2118 185 2154 et
197 2115 361 2167 transgredientur
374 2118 493 2158 rectitudinis
508 2119 591 2158 verbnm.

163 2185 185 2231 8)
200 2183 260 2223 Malas
270 2197 301 2224 res
311 2186 464 2236 pronuntiabunt,
481 2187 581 2225 falsitatem
591 2186 654 2230 edent,
670 2184 747 2236 grandia
757 2185 836 2233 loquen-

106 2253 147 2294 tur,
172 2255 191 2288 et
207 2250 267 2288 libros
286 2264 308 2289 en
327 2253 367 2290 suis
385 2253 471 2303 ipsorum
491 2253 591 2290 sententiis
610 2257 731 2301 component.
761 2250 800 2289 Sed
819 2251 834 2287 si

108 2316 171 2356 omnia
185 2328 227 2357 mea
242 2317 300 2358 verba
314 2324 367 2358 recte
382 2320 421 2359 suis
436 2320 505 2372 tinguis
521 2319 610 2364 scribent,

163 2385 185 2433 9)
199 2385 266 2436 Neque
279 2387 378 2427 mutabunt
392 2401 414 2428 ea
430 2399 493 2439 neque
508 2388 603 2433 minuent,
619 2386 654 2427 sed
669 2398 691 2427 ea
706 2387 768 2426 amaria
783 2389 836 2424 recte

108 2451 203 2498 scribent,
222 2464 348 2510 *quaecunque
363 2457 385 2496 ab
401 2457 453 2496 initio
469 2456 493 2495 de
507 2457 530 2495 iis
545 2457 620 2496 Iocutus
635 2467 683 2495 sum.

151 2519 187 2566 10)
201 2518 286 2559 Alterum
297 2534 372 2574 quoqne
384 2517 496 2575 mysterium
507 2522 606 2562 revelabo:
618 2522 674 2574 justis
687 2533 709 2561 ao
719 2520 836 2573 sapientibus

108 2587 151 2626 iibri
166 2587 229 2639 gaudii
244 2584 343 2635 dabunturg
358 2591 471 2641 integritatis
485 2595 504 2630 et
518 2601 596 2641 magnae
611 2589 720 2641 sapientiae.
748 2586 799 2627 Libri
812 2586 836 2625 iis

111 2652 212 2701 dabuntur,
231 2655 251 2696 in
266 2668 315 2709 quos
330 2656 414 2704 credent,

154 2724 188 2772 11)
203 2724 226 2763 Et
236 2726 304 2775 qtriiurs
317 2724 431 2777 gaudebunt.
446 2726 468 2765 Et
482 2738 549 2765 ornnes
557 2726 604 2776 justi
618 2726 723 2778 praemium
736 2725 836 2775 accipient,

111 2794 201 2842 quoniam
215 2804 237 2831 er
251 2794 288 2832 iltis
304 2800 425 2846 cognoscent
439 2802 505 2877 omrpes
520 2795 559 2835 vias
574 2794 697 2836 rectitudinis
