1807 3145
248 177 251 182 '
296 172 323 205 iat
336 168 390 203 editus
402 182 412 203 a
423 171 470 203 Rich.
483 170 571 201 Lcrtrnucc.
624 170 625 178 ³
763 174 800 210 153

71 286 208 328 commentario
223 269 258 327 siro
273 286 298 328 ad
310 286 356 327 Luc.
371 286 397 332 11,
413 290 445 327 nl.
462 274 568 333 „Dominus
582 286 668 331 noster‚“
684 284 715 331 cit,
730 283 801 331 „lesus

69 355 179 395 nominatus
193 359 229 401 est,
245 360 345 407 antequam
357 358 419 400 natus,
432 355 462 393 cui
476 366 515 393 uon
524 354 609 405 angelus,
624 353 659 393 sed
668 356 721 404 pater
730 365 801 393 nomen

70 422 181 472 irnposuit.“
197 422 253 470 Qubd
264 427 285 463 nt
293 423 368 474 probet,
383 422 408 461 cd
418 422 479 462 limae
489 433 566 462 versum
575 424 607 460 att.
623 421 671 472 (Vll,
686 425 713 461 as
722 421 800 467 latinae)

70 490 164 536 recurrit,
189 491 217 530 sic
235 502 331 543 pergens:
356 488 483 536 „revelabitur
500 487 550 528 lilius
569 500 623 527 mens
641 488 718 528 lesus.“
751 487 801 527 Hinc

72 557 161 601 concludi
174 563 244 610 potest,
259 570 303 598 eum
317 558 337 597 in
351 557 415 598 latinis
426 557 565 608 exemplaribus
579 557 644 597 aetatis
657 568 702 596 snae
713 556 801 596 omnibus

71 638 138 669 vocem
159 626 243 672 ‚,Jesus“
263 627 284 667 in
301 626 339 666 boc
353 637 411 666 versu
429 626 544 683 invenisse,
555 626 609 678 'quia
630 625 675 665 alias
694 638 735 670 rem
754 623 800 664 tant'

69 694 162 734 momenti
171 707 210 734 non
219 695 264 734 inde
275 694 391 734 deduxisset.
407 693 447 733 Sed
456 694 503 733 haec
513 699 549 733 vox
558 705 621 744 neque
631 694 682 744 apud
687 693 801 743 Aethiopem

70 772 132 812 neque
152 762 203 813 apud
220 763 303 802 Anubem
323 761 414 800 occurrit.
446 761 558 811 Aethiopica
583 759 650 798 habet:
674 759 802 805 „revelabitur

71 829 153 874 Messias
168 832 252 876 meus;“
273 828 366 868 Arabica:
386 827 514 875 „revelabitur
527 827 578 866 filius
590 838 648 867 vmeus
663 827 766 868 Messiasf‘
791 854 794 861 .
811 856 813 860 Α

129 896 172 935 iarn
190 896 234 935 c'um
247 897 305 936 lectio
320 896 388 935 latinae
403 896 508 942 versionis,
530 895 631 935 anterioris
645 895 759 941 Ambrosio,
780 904 803 935 ex
826 947 828 949 p

69 968 114 1004 ncta
128 963 227 1016 marginali
240 964 326 1015 prosecta
339 962 435 1009 videatur,
455 976 520 1003 nonne
538 963 583 1004 inde
602 952 745 1013 conjiciendum
765 966 801 1008 est,

70 1032 148 1072 aliarum
167 1031 277 1072 versionum
297 1031 392 1072 lectiones
410 1031 433 1071 ab
454 1032 593 1083 exemplaribus
612 1032 724 1083 antiquioris
745 1032 802 1070 etiam

69 1097 152 1138 familiae
176 1097 268 1142 deductas
290 1098 350 1137 esse?
378 1089 454 1137 Forsan
470 1099 551 1138 ulterius
571 1098 661 1150 progredi
680 1100 726 1137 licet
746 1102 803 1148 atquc

72 1165 151 1213 dicere,
175 1166 282 1215 exemplar,
305 1149 339 1205 abs
355 1176 392 1215 quo
408 1165 513 1215 aethiopica
531 1167 617 1215 protecta
636 1165 746 1210 est,iintcr
763 1168 803 1202 tres
823 1180 825 1183 ·

71 1233 217 1282 antiquissimae
230 1232 313 1271 familiae
326 1232 397 1278 fuisse;
417 1231 498 1283 primam
511 1232 615 1273 lectionem
629 1232 735 1278 exstitisse,
755 1231 805 1270 sicut

69 1299 89 1338 in
105 1296 224 1349 aethiopica:
243 1296 371 1350 „revelabitur
384 1300 493 1337 Messias
511 1312 579 1340 meus
587 1305 609 1345 ;“
630 1301 739 1348 posthaec„
749 1304 771 1339 ut
783 1299 812 1337 in,

72 1365 159 1412 arabica,
182 1365 267 1416 glossam
282 1362 365 1404 additam
380 1363 434 1402 esse:
458 1363 585 1410 „revelabitur
598 1363 669 1403 iilius
684 1374 739 1403 meus
752 1361 805 1403 liles-

70 1432 118 1477 sias,
134 1436 153 1471 et
166 1436 276 1483 postremo,
291 1435 313 1471 ut
326 1432 346 1470 in
359 1431 424 1477 latina,
438 1431 494 1488 hanc
503 1431 587 1482 glossam
600 1426 678 1470 uberius
692 1431 804 1469 illustratam

70 1511 130 1540 esse:
152 1499 344 1548 „revelabiturliiius
358 1510 413 1538 meus
428 1497 438 1538 l
445 1510 512 1538 esus.
521 1501 530 1519 “

127 1566 171 1605 Alio
185 1566 230 1605 loco
251 1566 310 1606 lectio
330 1566 427 1616 originalis
446 1566 523 1604 nonnisi
543 1578 578 1616 per
591 1566 706 1616 Aethiopem
726 1560 804 1604 conser-

70 1637 111 1672 vata
126 1632 206 1672 videtur,
235 1632 336 1683 Temporis
351 1633 427 1672 scilicet
446 1633 527 1682 spatium
540 1632 607 1672 mnndi
621 1632 732 1673 existentiae
747 1632 804 1671 desti·

69 1703 133 1738 rnatum
153 1699 232 1750 angelus
246 1700 305 1740 Ezrae
325 1699 353 1738 sic
368 1697 470 1738 describit:
496 1698 582 1744 „Decem
599 1699 685 1750 partibus
700 1699 805 1750 dispositus

70 1765 208 1813 edmundus,
236 1767 339 1808 eivenit
360 1766 384 1804 ad
398 1766 503 1811 decimam,
528 1770 686 1817 etsuperest
705 1768 804 1806 dimidium

71 1830 193 1873 decimaef‘1
216 1834 259 1874 Hoc
268 1835 337 1873 mirum
346 1835 367 1872 in
381 1832 460 1872 modum
470 1832 591 1873 contunditur
601 1847 611 1874 a
620 1834 679 1874 latino
694 1834 804 1884 interprete,

71 1902 103 1951 qui
117 1914 152 1952 pro
167 1893 253 1941 decem
266 1903 323 1941 habet
340 1901 481 1940 duodecim:
496 1901 612 1947 „duodecim
627 1903 711 1952 partibus
722 1902 804 1942 divisum

71 1972 100 2007 est
123 1969 210 2007 seculum
236 1973 255 2008 et
280 1964 443 2008 transierunt
467 1968 509 2018 ejus
525 1969 643 2015 decime·
660 1976 680 2010 et
697 1969 804 2011 ,dimidium

72 2035 158 2074 decimae
171 2035 241 2085 partis,
266 2040 409 2087 supersunt
427 2040 490 2075 autern
505 2035 547 2085 ejus
560 2042 607 2087 post
619 2037 704 2077 medium
719 2038 805 2077 decimae

71 2098 165 2151 partisff²
191 2102 266 2141 Decem
285 2115 325 2141 nou
344 2101 447 2142 duodecim
465 2107 530 2153 partes
549 2104 607 2150 esse,
631 2106 651 2144 in
674 2117 720 2156 quas
739 2104 806 2144 mundi

72 2173 123 2208 aetas
139 2169 199 2210 divisa
214 2170 243 2217 sit,
259 2175 279 2210 et
293 2170 392 2210 dimidium
406 2171 528 2211 solummodo
543 2172 629 2213 decimae
643 2174 702 2225 partis
720 2177 814 2213 autorem,

72 2247 175 2287 superesse
190 2238 272 2284 docere,
292 2241 392 2277 contextus
410 2238 454 2289 ipse
467 2236 593 2284 demonstrat,
614 2240 667 2291 quod
681 2244 700 2279 et
713 2240 815 2294 Aethiops

73 2310 161 2344 accurate
176 2304 268 2356 exprimit.
292 2304 332 2342 Sed
341 2293 543 2355 arabicusrinterpres,
559 2316 603 2344 cum
615 2306 695 2345 forsitan
710 2306 806 2355 exemplar

74 2373 118 2408 ante
133 2372 201 2411 oculos
215 2369 294 2410 haberet
308 2373 460 2409 consentaneum
473 2371 501 2415 ei,
521 2381 559 2421 quo
573 2371 641 2410 latinus
656 2371 753 2418 utebatur,
768 2385 806 2412 nec

74 2442 160 2485 promtus
176 2443 229 2480 esset
242 2439 262 2477 in
277 2437 459 2489 comprehendendo
473 2442 573 2485 contextu,
588 2438 611 2479 ab
624 2439 728 2491 ipsissimis
742 2440 806 2483 verbis

73 2501 182 2553 decedens,
208 2507 245 2545 hoe
261 2503 354 2556 exhibet,
368 2505 420 2557 quod
439 2518 533 2546 summam
546 2507 575 2546 rei
590 2509 689 2548 continere
704 2508 806 2549 credebat:

76 2573 169 2614 „maxima
182 2586 227 2625 pars
246 2572 269 2623 ej
274 2585 302 2612 us
317 2573 417 2621 (mnndi
431 2577 463 2613 ant
477 2575 585 2625 aetatis)
599 2588 692 2616 annornm
702 2577 804 2629 praeteriit,

74 2639 93 2673 ei
113 2639 247 2700 admodum
272 2639 345 2691 pauci
370 2646 491 2693 supersunt.“
528 2642 587 2683 'Certe
611 2644 661 2683 baud
679 2639 757 2684 diliieile
777 2649 806 2684 est

75 2724 116 2730 ..ψ-

119 2773 137 2817 i)
150 2786 185 2821 cap.
199 2778 243 2821 xlv„
259 2777 275 2813 9.
298 2777 317 2820 2)
330 2788 366 2822 cup.
378 2778 421 2819 xiv,
439 2778 464 2812 il.
479 2779 504 2817 12.
