1807 3145
125 172 164 211 178
255 199 262 202 «.
427 158 548 203 Enocbiliber.

177 282 200 329 3)
214 279 237 320 m
248 283 325 331 propter
339 291 396 321 omne
407 292 455 333 opus
466 281 600 333 blasphemiae,
616 283 729 335 tprrarrnidis
742 290 762 326 et
772 291 852 337 peceati,

123 348 173 400 quod
187 348 276 390 revelasti
290 349 333 389 liliis
348 349 451 389 hominum.
725 371 729 377 «

176 419 199 466 1)
215 418 263 457 Tum
278 418 343 457 abiens
359 418 388 469 [ab
404 417 434 468 00]
449 419 525 459 locutus
540 420 686 461 sumomnibus
701 421 742 461 istis
757 422 821 468 simul,

176 488 199 535 5)
214 487 237 527 m
251 499 318 526 omnes
331 487 427 537 perterriti
442 492 486 527 sunt
501 500 522 527 aa
538 493 665 535 tremuerunt;

177 554 200 600 a)
214 553 325 603 Rogitantes
340 564 381 597 me,
404 554 452 604 ipsis
473 555 558 594 scribere
573 555 684 595 memoriale
702 556 809 606 petitionis,
833 562 853 598 ut

122 619 229 659 obtinerent
243 621 388 666 remissionem,
404 627 424 660 et
437 627 458 661 ut
472 622 555 661 lacerem
569 624 680 662 memoriale
693 635 772 674 precum
786 636 852 663 eorum

121 688 226 728 ascendere
241 687 265 727 ad
274 688 336 728 Deum
347 689 369 742 vin
384 689 466 736 coelum,
482 690 525 741 quia
540 702 578 729 non
593 690 630 741 ipsi
639 695 721 741 possent
731 691 771 741 jam
781 693 852 744 alloqui

120 767 169 801 cnm,
184 767 247 806 neque
263 757 329 795 oculos
346 768 392 795 suos
407 757 431 796 ad
447 758 523 797 coelum
539 757 606 796 tollere
620 764 698 808 propter
707 763 781 809 turpem
792 760 851 799 ellen-

120 823 206 869 sionem,
225 824 281 874 cujus
295 826 322 864 rei
337 825 415 875 judicati
430 831 479 865 sunl.

174 894 197 938 7)
212 892 261 930 Tnm
282 893 349 943 scripsi
369 894 480 932 memoriale
499 893 563 943 precis
582 897 600 931 et
619 879 762 942 supplicationis
777 905 849 939 eorum,

60 997 61 1000 Ἴ
118 970 152 1008 pro
168 957 265 1009 spiritibus
280 973 355 1007 eorum,
370 974 404 1011 pro
420 960 482 1007 omni,
499 959 551 1011 quod
564 960 654 1006 fecerant,
670 963 689 999 et
702 972 738 1011 pro
753 974 783 1008 co,
799 960 850 1013 quod

117 1031 208 1077 rogarunt
222 1039 264 1073 me,
286 1033 307 1068 ut
321 1028 429 1069 obtinerent
443 1029 578 1068 remissionem
593 1033 612 1067 et
627 1028 716 1078 quietem.
863 1076 866 1079 g

137 1129 139 1132 .
172 1095 195 1143 S)
210 1094 337 1146 Progrediens
355 1097 433 1147 perveni
452 1096 476 1137 ad
494 1108 552 1147 aquas
567 1095 682 1142 Danbadan,
708 1108 755 1147 quae
770 1097 848 1137 suntin

117 1158 181 1199 derna
195 1172 263 1201 versus
278 1163 400 1202 occidentem
415 1163 437 1203 ab
453 1164 534 1207 drmon,
557 1162 624 1212 legens
643 1163 754 1202 memoriale
768 1175 848 1214 precum

119 1239 195 1274 eorum,
215 1227 277 1267 donec
292 1230 402 1271 obdormivi.

172 1294 194 1342 9)
209 1294 232 1334 m
246 1307 292 1335 ecee
307 1297 402 1336 somnium
417 1298 469 1337 venit
483 1296 505 1337 ad
523 1309 567 1343 me,
589 1300 608 1336 ct
622 1296 706 1336 visiones
722 1300 848 1348 apparuerunt

117 1372 175 1412 super
194 1374 230 1401 me.
265 1363 362 1402 Procubui
381 1370 400 1403 et
418 1364 461 1405 vidi
474 1364 569 1404 visionem
588 1362 687 1413 supplicii,
712 1367 732 1407 nt
752 1374 849 1402 narrarem

117 1429 154 1468 hoo
169 1428 213 1469 aliis
229 1430 328 1470 coelorum
343 1418 362 1471 01
376 1444 475 1472 monerem
490 1444 529 1471 eos.
549 1430 696 1482 Expergelaetus
707 1430 758 1469 ibam
769 1430 793 1470 ad
807 1442 848 1470 eos.

118 1497 191 1538 Omnes
216 1500 325 1550 congregati
350 1500 424 1540 stabant
442 1500 510 1540 flentes
533 1500 552 1539 in
570 1494 695 1549 Ubelseyael,
721 1498 772 1549 quod
792 1498 848 1537 situm

118 1570 148 1606 est
161 1567 211 1606 inter
224 1568 308 1607 Libanon
324 1573 342 1607 et
357 1569 451 1615 Scaeam,
472 1569 539 1610 velatis
553 1568 646 1608 faciebus.

159 1636 195 1682 lo)
209 1627 312 1675 Narrabam
333 1648 398 1676 coram
413 1637 436 1676 iis
452 1648 518 1676 omnes
533 1636 628 1681 visiones,
652 1646 699 1686 quas
713 1633 809 1680 videram,
833 1638 851 1673 et

117 1702 213 1755 somnium
227 1715 297 1749 meum,

160 1772 195 1817 11)
209 1771 233 1810 m
248 1772 302 1820 coepi
316 1772 404 1821 proloqui
419 1773 467 1811 baec
481 1771 539 1811 verba
550 1771 646 1820 justitiae,
662 1780 769 1820 coarguens
784 1768 851 1819 vigiles

118 1836 174 1875 ooeli.

421 1940 482 1980 GAP.
503 1939 549 1980 XlV.

123 2093 124 2096 Ἴ
177 2041 197 2087 1)
212 2039 247 2079 Η11
262 2039 574 2093 00111101101101111111111100,
595 2043 614 2079 et
628 2038 783 2089 reprehensionis
798 2038 850 2090 Vigi-

118 2108 168 2152 lum,
191 2106 224 2158 qui
238 2110 282 2145 sunt
296 2118 306 2145 a
321 2107 409 2163 saeculo,
431 2106 592 2158 quemadmodum
605 2106 652 2151 llle,
675 2106 706 2157 qui
721 2110 751 2145 est
766 2104 850 2145 Sanctus

118 2180 138 2214 et
151 2174 244 2227 Magnus,
259 2173 354 2215 mandavit
367 2174 387 2213 in
401 2174 481 2215 visione.
502 2174 542 2225 Ego
557 2173 594 2213 vidi
609 2173 628 2211 in
643 2173 719 2211 somnio
734 2184 783 2217 meo,
800 2171 851 2223 quod

118 2255 155 2294 ego
167 2243 207 2293 jam
221 2242 315 2293 loquebar
329 2244 391 2294 lingua
406 2255 449 2282 mea
465 2242 545 2288 carnali,
567 2242 618 2281 etin
632 2253 676 2281 meo
692 2242 769 2292 spiritu,
794 2251 851 2291 quem

57 2343 59 2347 .
117 2309 210 2348 Excelsus
225 2307 278 2347 dedit
291 2308 311 2346 in
326 2320 348 2347 os
363 2308 472 2353 hominum,
493 2312 515 2346 11
528 2308 652 2357 loquerentur
666 2307 685 2345 in
700 2318 730 2352 eo,

173 2379 195 2425 2)
208 2377 232 2417 m
241 2377 370 2427 intelligerent
380 2376 444 2415 corde.
465 2375 520 2414 Sicut
531 2375 600 2415 creavit
610 2378 629 2413 01
639 2374 691 2415 dedit
701 2375 773 2414 homini
787 2374 851 2425 [lacul-

119 2443 183 2502 tatem]
200 2445 375 2496 comprehendendi
385 2445 443 2486 verba
456 2445 573 2490 intellectum
586 2444 611 2483 ila
623 2434 693 2483 creavit
708 2434 729 2483 01
741 2433 793 2482 dedit
805 2442 850 2481 mihi

79 2559 85 2561 ,
119 2510 240 2565 [facultatem]
261 2512 474 2564 coarguendivigiles‚
498 2511 611 2563 progeniem
632 2511 687 2550 coeli.
717 2510 790 2561 Scripsi
804 2508 851 2560 peli-

119 2581 190 2618 tionem
204 2583 287 2619 vestram
294 2578 343 2629 ,1101
361 2580 380 2617 in
395 2579 468 2619 visione
486 2590 528 2617 mea
543 2578 647 2616 revelatum
662 2576 708 2614 mihi
723 2580 764 2619 est,
787 2586 850 2619 omne,

119 2645 171 2697 ‘qarod
186 2647 269 2699 rogaturi
284 2646 333 2692 siris,
349 2658 387 2684 non
402 2645 466 2684 datum
480 2646 502 2684 iri
517 2644 578 2690 robis,
594 2656 650 2695 quam
665 2643 697 2681 diu
711 2640 792 2680 mundus
808 2641 849 2680 erit.

78 2716 79 2719 ’
124 2739 125 2742 =
174 2713 395 2762 miracimmum
416 2717 445 2752 est
460 2712 484 2751 de
504 2712 570 2751 vobis:
597 2711 670 2761 [preces
689 2707 769 2758 restrae]
785 2709 849 2748 irritae

119 2787 181 2821 erunt.
825 2788 828 2792 '
