<?xml version="1.0" encoding="UTF-8"?>
<!DOCTYPE html PUBLIC "-//W3C//DTD XHTML 1.0 Transitional//EN"
    "http://www.w3.org/TR/xhtml1/DTD/xhtml1-transitional.dtd">
<html xmlns="http://www.w3.org/1999/xhtml" xml:lang="en" lang="en">
 <head>
  <title>
</title>
<meta http-equiv="Content-Type" content="text/html;charset=utf-8" />
  <meta name='ocr-system' content='tesseract 3.04.00' />
  <meta name='ocr-capabilities' content='ocr_page ocr_carea ocr_par ocr_line ocrx_word'/>
</head>
<body>
  <div class='ocr_page' id='page_1' title='image "./MN41907ucmf_4_0291.png"; bbox 0 0 1807 3145; ppageno 0'>
   <div class='ocr_carea' id='block_1_1' title="bbox 393 247 817 307">
    <p class='ocr_par' dir='ltr' id='par_1_1' title="bbox 393 247 817 307">
     <span class='ocr_line' id='line_1_1' title="bbox 393 247 817 307; baseline 0.042 -19"><span class='ocrx_word' id='word_1_1' title='bbox 393 254 456 290; x_wconf 63' lang='lat' dir='ltr'><strong>ninom</strong></span> <span class='ocrx_word' id='word_1_2' title='bbox 467 257 515 291; x_wconf 72' lang='lat' dir='ltr'><strong>rinei.</strong></span> <span class='ocrx_word' id='word_1_3' title='bbox 731 247 732 250; x_wconf 46' lang='lat'>&#39;</span> <span class='ocrx_word' id='word_1_4' title='bbox 778 270 817 307; x_wconf 77' lang='lat' dir='ltr'><strong>aaa</strong></span> 
     </span>
    </p>
   </div>
   <div class='ocr_carea' id='block_1_2' title="bbox 88 376 878 1044">
    <p class='ocr_par' dir='ltr' id='par_1_2' title="bbox 88 376 817 567">
     <span class='ocr_line' id='line_1_2' title="bbox 399 376 503 417; baseline 0.029 -3"><span class='ocrx_word' id='word_1_5' title='bbox 399 376 460 416; x_wconf 76' lang='lat' dir='ltr'><strong>GAP.</strong></span> <span class='ocrx_word' id='word_1_6' title='bbox 482 378 503 417; x_wconf 76' lang='lat' dir='ltr'><strong>G.</strong></span> 
     </span>
     <span class='ocr_line' id='line_1_3' title="bbox 123 444 817 506; baseline 0.016 -22"><span class='ocrx_word' id='word_1_7' title='bbox 123 447 128 453; x_wconf 87' lang='lat'><em>&#39;</em></span> <span class='ocrx_word' id='word_1_8' title='bbox 145 444 162 492; x_wconf 92' lang='lat' dir='ltr'><strong>l)</strong></span> <span class='ocrx_word' id='word_1_9' title='bbox 177 445 256 486; x_wconf 78' lang='lat' dir='ltr'><strong>Ocelum</strong></span> <span class='ocrx_word' id='word_1_10' title='bbox 272 446 376 491; x_wconf 79' lang='lat' dir='ltr'><strong>intuemini,</strong></span> <span class='ocrx_word' id='word_1_11' title='bbox 392 458 458 487; x_wconf 88' lang='lat' dir='ltr'><strong>omnes</strong></span> <span class='ocrx_word' id='word_1_12' title='bbox 473 448 507 487; x_wconf 86' lang='lat' dir='ltr'><strong>iiiii</strong></span> <span class='ocrx_word' id='word_1_13' title='bbox 522 451 632 497; x_wconf 82' lang='lat' dir='ltr'><strong>coelorum,</strong></span> <span class='ocrx_word' id='word_1_14' title='bbox 648 459 667 491; x_wconf 91' lang='lat' dir='ltr'><strong>et</strong></span> <span class='ocrx_word' id='word_1_15' title='bbox 681 456 743 493; x_wconf 86' lang='lat' dir='ltr'><strong>emnia</strong></span> <span class='ocrx_word' id='word_1_16' title='bbox 758 468 817 506; x_wconf 89' lang='lat' dir='ltr'><strong>opera</strong></span> 
     </span>
     <span class='ocr_line' id='line_1_4' title="bbox 88 512 815 567; baseline 0.012 -12"><span class='ocrx_word' id='word_1_17' title='bbox 88 512 190 558; x_wconf 76' lang='lat' dir='ltr'><strong>ditissimi,</strong></span> <span class='ocrx_word' id='word_1_18' title='bbox 205 518 223 553; x_wconf 87' lang='lat' dir='ltr'><strong>et</strong></span> <span class='ocrx_word' id='word_1_19' title='bbox 237 514 316 554; x_wconf 86' lang='lat' dir='ltr'><strong>metuite</strong></span> <span class='ocrx_word' id='word_1_20' title='bbox 330 514 388 561; x_wconf 82' lang='lat' dir='ltr'><strong>Enni,</strong></span> <span class='ocrx_word' id='word_1_21' title='bbox 403 528 466 567; x_wconf 79' lang='lat' dir='ltr'><strong>neque</strong></span> <span class='ocrx_word' id='word_1_22' title='bbox 481 517 561 558; x_wconf 87' lang='lat' dir='ltr'><strong>crimina</strong></span> <span class='ocrx_word' id='word_1_23' title='bbox 576 519 689 561; x_wconf 86' lang='lat' dir='ltr'><strong>committite</strong></span> <span class='ocrx_word' id='word_1_24' title='bbox 704 534 767 563; x_wconf 86' lang='lat' dir='ltr'><strong>coram</strong></span> <span class='ocrx_word' id='word_1_25' title='bbox 781 524 815 564; x_wconf 83' lang='lat' dir='ltr'><strong>Eo.</strong></span> 
     </span>
    </p>

    <p class='ocr_par' dir='ltr' id='par_1_3' title="bbox 88 568 816 703">
     <span class='ocr_line' id='line_1_5' title="bbox 144 568 816 637; baseline 0.015 -17"><span class='ocrx_word' id='word_1_26' title='bbox 144 581 163 628; x_wconf 98' lang='grc'><strong>2)</strong></span> <span class='ocrx_word' id='word_1_27' title='bbox 179 579 200 620; x_wconf 88' lang='lat' dir='ltr'><strong>Si</strong></span> <span class='ocrx_word' id='word_1_28' title='bbox 215 581 285 621; x_wconf 81' lang='lat' dir='ltr'><strong>claudit</strong></span> <span class='ocrx_word' id='word_1_29' title='bbox 299 583 348 622; x_wconf 85' lang='lat' dir='ltr'><strong>coeii</strong></span> <span class='ocrx_word' id='word_1_30' title='bbox 363 568 466 630; x_wconf 71' lang='lat' dir='ltr'><strong>fenestras,</strong></span> <span class='ocrx_word' id='word_1_31' title='bbox 481 585 563 634; x_wconf 80' lang='lat' dir='ltr'><strong>pluriam</strong></span> <span class='ocrx_word' id='word_1_32' title='bbox 578 592 673 629; x_wconf 83' lang='lat' dir='ltr'><strong>atrorem</strong></span> <span class='ocrx_word' id='word_1_33' title='bbox 688 590 776 637; x_wconf 87' lang='lat' dir='ltr'><strong>retinens,</strong></span> <span class='ocrx_word' id='word_1_34' title='bbox 792 604 816 630; x_wconf 89' lang='lat' dir='ltr'><strong>ne</strong></span> 
     </span>
     <span class='ocr_line' id='line_1_6' title="bbox 88 648 629 703; baseline 0.011 -14"><span class='ocrx_word' id='word_1_35' title='bbox 88 652 106 689; x_wconf 88' lang='lat' dir='ltr'><strong>in</strong></span> <span class='ocrx_word' id='word_1_36' title='bbox 121 653 190 688; x_wconf 85' lang='lat' dir='ltr'><strong>terram</strong></span> <span class='ocrx_word' id='word_1_37' title='bbox 206 648 310 690; x_wconf 75' lang='lat' dir='ltr'>descendat</span> <span class='ocrx_word' id='word_1_38' title='bbox 323 655 401 701; x_wconf 82' lang='lat' dir='ltr'><strong>propter</strong></span> <span class='ocrx_word' id='word_1_39' title='bbox 415 664 460 696; x_wconf 88' lang='lat' dir='ltr'><strong>vos,</strong></span> <span class='ocrx_word' id='word_1_40' title='bbox 481 651 526 703; x_wconf 85' lang='lat' dir='ltr'><strong>qnid</strong></span> <span class='ocrx_word' id='word_1_41' title='bbox 540 655 629 695; x_wconf 79' lang='lat' dir='ltr'><strong>facietis?</strong></span> 
     </span>
    </p>

    <p class='ocr_par' dir='ltr' id='par_1_4' title="bbox 88 716 878 972">
     <span class='ocr_line' id='line_1_7' title="bbox 143 716 878 776; baseline 0.016 -21"><span class='ocrx_word' id='word_1_42' title='bbox 143 716 162 764; x_wconf 83' lang='lat'><strong>3)</strong></span> <span class='ocrx_word' id='word_1_43' title='bbox 178 716 259 765; x_wconf 79' lang='lat' dir='ltr'><strong>Quando</strong></span> <span class='ocrx_word' id='word_1_44' title='bbox 278 718 325 758; x_wconf 86' lang='lat' dir='ltr'><strong>iram</strong></span> <span class='ocrx_word' id='word_1_45' title='bbox 345 729 399 757; x_wconf 86' lang='lat' dir='ltr'><strong>snam</strong></span> <span class='ocrx_word' id='word_1_46' title='bbox 418 730 475 771; x_wconf 87' lang='lat' dir='ltr'><strong>super</strong></span> <span class='ocrx_word' id='word_1_47' title='bbox 492 733 527 761; x_wconf 85' lang='lat' dir='ltr'><strong>ros</strong></span> <span class='ocrx_word' id='word_1_48' title='bbox 543 720 623 763; x_wconf 86' lang='lat' dir='ltr'><strong>demittit</strong></span> <span class='ocrx_word' id='word_1_49' title='bbox 644 729 663 763; x_wconf 89' lang='lat' dir='ltr'><strong>et</strong></span> <span class='ocrx_word' id='word_1_50' title='bbox 676 736 733 776; x_wconf 87' lang='lat' dir='ltr'><strong>snper</strong></span> <span class='ocrx_word' id='word_1_51' title='bbox 753 729 816 766; x_wconf 86' lang='lat' dir='ltr'><strong>omnia</strong></span> <span class='ocrx_word' id='word_1_52' title='bbox 875 740 878 750; x_wconf 77' lang='grc'><em>“</em></span> 
     </span>
     <span class='ocr_line' id='line_1_8' title="bbox 88 785 817 840; baseline 0.018 -18"><span class='ocrx_word' id='word_1_53' title='bbox 88 786 136 836; x_wconf 77' lang='lat' dir='ltr'><strong>tacta</strong></span> <span class='ocrx_word' id='word_1_54' title='bbox 152 789 223 831; x_wconf 80' lang='lat' dir='ltr'><strong>restra,</strong></span> <span class='ocrx_word' id='word_1_55' title='bbox 246 798 280 827; x_wconf 89' lang='lat' dir='ltr'><strong>vos</strong></span> <span class='ocrx_word' id='word_1_56' title='bbox 298 785 311 825; x_wconf 92' lang='lat' dir='ltr'><strong>ii</strong></span> <span class='ocrx_word' id='word_1_57' title='bbox 325 797 364 825; x_wconf 89' lang='lat' dir='ltr'><strong>non</strong></span> <span class='ocrx_word' id='word_1_58' title='bbox 384 788 441 832; x_wconf 88' lang='lat' dir='ltr'><strong>estis,</strong></span> <span class='ocrx_word' id='word_1_59' title='bbox 463 788 495 839; x_wconf 84' lang='lat' dir='ltr'><strong>qni</strong></span> <span class='ocrx_word' id='word_1_60' title='bbox 508 788 614 840; x_wconf 80' lang='lat' dir='ltr'><strong>imploretis</strong></span> <span class='ocrx_word' id='word_1_61' title='bbox 633 802 687 838; x_wconf 90' lang='lat' dir='ltr'><strong>eum,</strong></span> <span class='ocrx_word' id='word_1_62' title='bbox 707 805 751 834; x_wconf 88' lang='lat' dir='ltr'><strong>nam</strong></span> <span class='ocrx_word' id='word_1_63' title='bbox 766 796 817 835; x_wconf 87' lang='lat' dir='ltr'><strong>voci·</strong></span> 
     </span>
     <span class='ocr_line' id='line_1_9' title="bbox 88 852 817 910; baseline 0.012 -17"><span class='ocrx_word' id='word_1_64' title='bbox 88 852 174 893; x_wconf 77' lang='lat' dir='ltr'><strong>feramini</strong></span> <span class='ocrx_word' id='word_1_65' title='bbox 188 858 254 894; x_wconf 90' lang='lat' dir='ltr'><strong>eontra</strong></span> <span class='ocrx_word' id='word_1_66' title='bbox 265 853 307 904; x_wconf 84' lang='lat' dir='ltr'><strong>ejus</strong></span> <span class='ocrx_word' id='word_1_67' title='bbox 314 853 405 904; x_wconf 86' lang='lat' dir='ltr'><strong>justitiam</strong></span> <span class='ocrx_word' id='word_1_68' title='bbox 417 867 505 896; x_wconf 79' lang='lat' dir='ltr'><strong>sermone</strong></span> <span class='ocrx_word' id='word_1_69' title='bbox 520 858 603 909; x_wconf 87' lang='lat' dir='ltr'><strong>superbo</strong></span> <span class='ocrx_word' id='word_1_70' title='bbox 618 865 637 899; x_wconf 90' lang='lat' dir='ltr'><strong>et</strong></span> <span class='ocrx_word' id='word_1_71' title='bbox 646 860 742 910; x_wconf 78' lang='lat' dir='ltr'><strong>petulanti.</strong></span> <span class='ocrx_word' id='word_1_72' title='bbox 757 862 817 902; x_wconf 85' lang='lat' dir='ltr'><strong>Vobis</strong></span> 
     </span>
     <span class='ocr_line' id='line_1_10' title="bbox 88 920 289 972; baseline 0.005 -13"><span class='ocrx_word' id='word_1_73' title='bbox 88 920 132 959; x_wconf 91' lang='lat' dir='ltr'><strong>ideo</strong></span> <span class='ocrx_word' id='word_1_74' title='bbox 146 932 185 959; x_wconf 91' lang='lat' dir='ltr'><strong>non</strong></span> <span class='ocrx_word' id='word_1_75' title='bbox 200 922 236 960; x_wconf 86' lang='lat' dir='ltr'><strong>erit</strong></span> <span class='ocrx_word' id='word_1_76' title='bbox 248 933 289 972; x_wconf 86' lang='lat' dir='ltr'><strong>par.</strong></span> 
     </span>
    </p>

    <p class='ocr_par' dir='ltr' id='par_1_5' title="bbox 144 979 863 1044">
     <span class='ocr_line' id='line_1_11' title="bbox 144 979 863 1044; baseline 0.011 -17"><span class='ocrx_word' id='word_1_77' title='bbox 144 989 164 1037; x_wconf 82' lang='grc'><strong>4)</strong></span> <span class='ocrx_word' id='word_1_78' title='bbox 178 979 245 1028; x_wconf 83' lang='lat' dir='ltr'><strong>Nonne</strong></span> <span class='ocrx_word' id='word_1_79' title='bbox 259 989 326 1030; x_wconf 81' lang='lat' dir='ltr'><strong>ridetis</strong></span> <span class='ocrx_word' id='word_1_80' title='bbox 341 991 415 1031; x_wconf 85' lang='lat' dir='ltr'><strong>navium</strong></span> <span class='ocrx_word' id='word_1_81' title='bbox 430 993 540 1044; x_wconf 81' lang='lat' dir='ltr'><strong>magistros,</strong></span> <span class='ocrx_word' id='word_1_82' title='bbox 556 992 653 1044; x_wconf 89' lang='lat' dir='ltr'><strong>quomodo</strong></span> <span class='ocrx_word' id='word_1_83' title='bbox 663 994 737 1044; x_wconf 80' lang='lat' dir='ltr'><strong>navigia</strong></span> <span class='ocrx_word' id='word_1_84' title='bbox 751 1007 817 1034; x_wconf 90' lang='lat' dir='ltr'><strong>eorum</strong></span> <span class='ocrx_word' id='word_1_85' title='bbox 858 1013 863 1016; x_wconf 87' lang='lat'>·</span> 
     </span>
    </p>
   </div>
   <div class='ocr_carea' id='block_1_3' title="bbox 87 1057 870 2118">
    <p class='ocr_par' dir='ltr' id='par_1_6' title="bbox 88 1057 817 1177">
     <span class='ocr_line' id='line_1_12' title="bbox 88 1057 817 1113; baseline 0.004 -16"><span class='ocrx_word' id='word_1_86' title='bbox 88 1057 110 1097; x_wconf 91' lang='lat' dir='ltr'><strong>ab</strong></span> <span class='ocrx_word' id='word_1_87' title='bbox 125 1057 180 1097; x_wconf 85' lang='lat' dir='ltr'><strong>undis</strong></span> <span class='ocrx_word' id='word_1_88' title='bbox 193 1057 298 1108; x_wconf 80' lang='lat' dir='ltr'><strong>jactantur,</strong></span> <span class='ocrx_word' id='word_1_89' title='bbox 322 1059 408 1099; x_wconf 86' lang='lat' dir='ltr'><strong>aventis</strong></span> <span class='ocrx_word' id='word_1_90' title='bbox 428 1058 560 1113; x_wconf 81' lang='lat' dir='ltr'><strong>disperguntur</strong></span> <span class='ocrx_word' id='word_1_91' title='bbox 575 1065 594 1100; x_wconf 90' lang='lat' dir='ltr'><strong>et</strong></span> <span class='ocrx_word' id='word_1_92' title='bbox 613 1064 697 1100; x_wconf 83' lang='lat' dir='ltr'><strong>extremo</strong></span> <span class='ocrx_word' id='word_1_93' title='bbox 712 1061 817 1102; x_wconf 77' lang='lat' dir='ltr'><strong>discrimini</strong></span> 
     </span>
     <span class='ocr_line' id='line_1_13' title="bbox 88 1130 211 1177; baseline 0.008 -13"><span class='ocrx_word' id='word_1_94' title='bbox 88 1130 211 1177; x_wconf 81' lang='lat' dir='ltr'><strong>exponuntur.</strong></span> 
     </span>
    </p>

    <p class='ocr_par' dir='ltr' id='par_1_7' title="bbox 87 1193 817 1381">
     <span class='ocr_line' id='line_1_14' title="bbox 143 1193 815 1248; baseline 0.006 -15"><span class='ocrx_word' id='word_1_95' title='bbox 143 1194 162 1240; x_wconf 81' lang='lat'><strong>5)</strong></span> <span class='ocrx_word' id='word_1_96' title='bbox 176 1194 200 1232; x_wconf 83' lang='lat' dir='ltr'><strong>nt</strong></span> <span class='ocrx_word' id='word_1_97' title='bbox 213 1193 258 1232; x_wconf 86' lang='lat' dir='ltr'><strong>ideo</strong></span> <span class='ocrx_word' id='word_1_98' title='bbox 272 1198 364 1238; x_wconf 84' lang='lat' dir='ltr'><strong>metuunt,</strong></span> <span class='ocrx_word' id='word_1_99' title='bbox 380 1194 422 1244; x_wconf 86' lang='lat' dir='ltr'><strong>qnia</strong></span> <span class='ocrx_word' id='word_1_100' title='bbox 438 1205 505 1233; x_wconf 88' lang='lat' dir='ltr'><strong>omnes</strong></span> <span class='ocrx_word' id='word_1_101' title='bbox 518 1194 605 1245; x_wconf 90' lang='lat' dir='ltr'><strong>ipsorum</strong></span> <span class='ocrx_word' id='word_1_102' title='bbox 620 1194 694 1237; x_wconf 86' lang='lat' dir='ltr'><strong>divitiae</strong></span> <span class='ocrx_word' id='word_1_103' title='bbox 710 1207 754 1236; x_wconf 87' lang='lat' dir='ltr'><strong>enm</strong></span> <span class='ocrx_word' id='word_1_104' title='bbox 768 1199 815 1248; x_wconf 91' lang='lat' dir='ltr'><strong>ipsis</strong></span> 
     </span>
     <span class='ocr_line' id='line_1_15' title="bbox 87 1260 817 1313; baseline -0.001 -11"><span class='ocrx_word' id='word_1_105' title='bbox 87 1265 106 1302; x_wconf 93' lang='lat' dir='ltr'><strong>in</strong></span> <span class='ocrx_word' id='word_1_106' title='bbox 128 1273 221 1300; x_wconf 86' lang='lat' dir='ltr'><strong>occanum</strong></span> <span class='ocrx_word' id='word_1_107' title='bbox 242 1262 338 1308; x_wconf 83' lang='lat' dir='ltr'><strong>exierunt,</strong></span> <span class='ocrx_word' id='word_1_108' title='bbox 364 1267 383 1301; x_wconf 88' lang='lat' dir='ltr'><strong>et</strong></span> <span class='ocrx_word' id='word_1_109' title='bbox 403 1260 451 1300; x_wconf 80' lang='lat' dir='ltr'><strong>nicia</strong></span> <span class='ocrx_word' id='word_1_110' title='bbox 473 1265 587 1313; x_wconf 79' lang='lat' dir='ltr'><strong>augurantur</strong></span> <span class='ocrx_word' id='word_1_111' title='bbox 604 1262 624 1300; x_wconf 90' lang='lat' dir='ltr'><strong>in</strong></span> <span class='ocrx_word' id='word_1_112' title='bbox 642 1264 751 1312; x_wconf 77' lang='lat' dir='ltr'><strong>pectoribus</strong></span> <span class='ocrx_word' id='word_1_113' title='bbox 771 1265 817 1310; x_wconf 78' lang='lat' dir='ltr'><strong>suis,</strong></span> 
     </span>
     <span class='ocr_line' id='line_1_16' title="bbox 87 1329 633 1381; baseline 0.002 -13"><span class='ocrx_word' id='word_1_114' title='bbox 87 1330 177 1369; x_wconf 86' lang='lat' dir='ltr'><strong>timentes</strong></span> <span class='ocrx_word' id='word_1_115' title='bbox 191 1341 216 1369; x_wconf 91' lang='lat' dir='ltr'><strong>ne</strong></span> <span class='ocrx_word' id='word_1_116' title='bbox 231 1329 376 1381; x_wconf 81' lang='lat' dir='ltr'><strong>submergantur</strong></span> <span class='ocrx_word' id='word_1_117' title='bbox 390 1333 409 1369; x_wconf 87' lang='lat' dir='ltr'><strong>et</strong></span> <span class='ocrx_word' id='word_1_118' title='bbox 423 1333 508 1380; x_wconf 87' lang='lat' dir='ltr'><strong>pereant.</strong></span> <span class='ocrx_word' id='word_1_119' title='bbox 631 1372 633 1375; x_wconf 66' lang='grc'><strong>,</strong></span> 
     </span>
    </p>

    <p class='ocr_par' dir='ltr' id='par_1_8' title="bbox 87 1396 823 1586">
     <span class='ocr_line' id='line_1_17' title="bbox 143 1396 823 1449; baseline 0.001 -12"><span class='ocrx_word' id='word_1_120' title='bbox 143 1398 163 1446; x_wconf 86' lang='grc'><strong>6)</strong></span> <span class='ocrx_word' id='word_1_121' title='bbox 176 1398 244 1438; x_wconf 84' lang='lat' dir='ltr'><strong>Nonne</strong></span> <span class='ocrx_word' id='word_1_122' title='bbox 258 1402 318 1438; x_wconf 89' lang='lat' dir='ltr'><strong>totum</strong></span> <span class='ocrx_word' id='word_1_123' title='bbox 333 1409 392 1443; x_wconf 85' lang='lat' dir='ltr'><strong>mare,</strong></span> <span class='ocrx_word' id='word_1_124' title='bbox 408 1409 475 1437; x_wconf 83' lang='lat' dir='ltr'><strong>omnes</strong></span> <span class='ocrx_word' id='word_1_125' title='bbox 490 1396 531 1448; x_wconf 82' lang='lat' dir='ltr'><strong>ejus</strong></span> <span class='ocrx_word' id='word_1_126' title='bbox 546 1409 615 1449; x_wconf 86' lang='lat' dir='ltr'><strong>aquae,</strong></span> <span class='ocrx_word' id='word_1_127' title='bbox 637 1404 656 1439; x_wconf 90' lang='lat' dir='ltr'><strong>et</strong></span> <span class='ocrx_word' id='word_1_128' title='bbox 670 1400 732 1438; x_wconf 93' lang='lat' dir='ltr'><strong>omnis</strong></span> <span class='ocrx_word' id='word_1_129' title='bbox 747 1404 823 1448; x_wconf 63' lang='lat' dir='ltr'><strong>motus„</strong></span> 
     </span>
     <span class='ocr_line' id='line_1_18' title="bbox 88 1453 819 1517; baseline 0.004 -13"><span class='ocrx_word' id='word_1_130' title='bbox 88 1470 132 1504; x_wconf 88' lang='lat' dir='ltr'><strong>sunt</strong></span> <span class='ocrx_word' id='word_1_131' title='bbox 146 1477 203 1517; x_wconf 89' lang='lat' dir='ltr'><strong>opera</strong></span> <span class='ocrx_word' id='word_1_132' title='bbox 217 1465 321 1510; x_wconf 75' lang='lat' dir='ltr'><strong>ditissimi3</strong></span> <span class='ocrx_word' id='word_1_133' title='bbox 336 1464 390 1513; x_wconf 76' lang='lat' dir='ltr'><strong>epis,</strong></span> <span class='ocrx_word' id='word_1_134' title='bbox 406 1465 437 1515; x_wconf 86' lang='lat' dir='ltr'><strong>qni</strong></span> <span class='ocrx_word' id='word_1_135' title='bbox 453 1465 572 1517; x_wconf 81' lang='lat' dir='ltr'><strong>consignavit</strong></span> <span class='ocrx_word' id='word_1_136' title='bbox 586 1477 653 1506; x_wconf 88' lang='lat' dir='ltr'><strong>ornnes</strong></span> <span class='ocrx_word' id='word_1_137' title='bbox 668 1465 710 1516; x_wconf 82' lang='lat' dir='ltr'><strong>ejns</strong></span> <span class='ocrx_word' id='word_1_138' title='bbox 724 1465 783 1513; x_wconf 83' lang='lat' dir='ltr'><strong>fines,</strong></span> <span class='ocrx_word' id='word_1_139' title='bbox 799 1453 819 1507; x_wconf 86' lang='lat' dir='ltr'><strong>ot</strong></span> 
     </span>
     <span class='ocr_line' id='line_1_19' title="bbox 87 1532 361 1586; baseline -0.007 -14"><span class='ocrx_word' id='word_1_140' title='bbox 87 1532 170 1586; x_wconf 82' lang='lat' dir='ltr'><strong>undique</strong></span> <span class='ocrx_word' id='word_1_141' title='bbox 185 1545 242 1573; x_wconf 82' lang='lat' dir='ltr'><strong>arena</strong></span> <span class='ocrx_word' id='word_1_142' title='bbox 255 1533 275 1573; x_wconf 87' lang='lat' dir='ltr'><strong>id</strong></span> <span class='ocrx_word' id='word_1_143' title='bbox 290 1532 361 1572; x_wconf 80' lang='lat' dir='ltr'><strong>cinxit?</strong></span> 
     </span>
    </p>

    <p class='ocr_par' dir='ltr' id='par_1_9' title="bbox 87 1591 817 1854">
     <span class='ocr_line' id='line_1_20' title="bbox 142 1591 817 1653; baseline -0.001 -11"><span class='ocrx_word' id='word_1_144' title='bbox 142 1604 163 1651; x_wconf 76' lang='lat'><strong>7)</strong></span> <span class='ocrx_word' id='word_1_145' title='bbox 176 1591 211 1642; x_wconf 84' lang='lat' dir='ltr'><strong>illo</strong></span> <span class='ocrx_word' id='word_1_146' title='bbox 232 1600 348 1653; x_wconf 80' lang='lat' dir='ltr'><strong>increpante</strong></span> <span class='ocrx_word' id='word_1_147' title='bbox 363 1600 445 1641; x_wconf 85' lang='lat' dir='ltr'><strong>siccatur</strong></span> <span class='ocrx_word' id='word_1_148' title='bbox 464 1605 483 1640; x_wconf 86' lang='lat' dir='ltr'><strong>et</strong></span> <span class='ocrx_word' id='word_1_149' title='bbox 500 1599 629 1652; x_wconf 86' lang='lat' dir='ltr'><strong>perturbatur,</strong></span> <span class='ocrx_word' id='word_1_150' title='bbox 655 1606 674 1641; x_wconf 91' lang='lat' dir='ltr'><strong>et</strong></span> <span class='ocrx_word' id='word_1_151' title='bbox 693 1612 761 1641; x_wconf 90' lang='lat' dir='ltr'><strong>omnes</strong></span> <span class='ocrx_word' id='word_1_152' title='bbox 776 1601 817 1652; x_wconf 86' lang='lat' dir='ltr'><strong>ejns</strong></span> 
     </span>
     <span class='ocr_line' id='line_1_21' title="bbox 87 1668 816 1722; baseline -0.001 -13"><span class='ocrx_word' id='word_1_153' title='bbox 87 1671 151 1722; x_wconf 82' lang='lat' dir='ltr'><strong>pisces</strong></span> <span class='ocrx_word' id='word_1_154' title='bbox 171 1675 191 1712; x_wconf 88' lang='lat' dir='ltr'><strong>et</strong></span> <span class='ocrx_word' id='word_1_155' title='bbox 211 1671 285 1718; x_wconf 87' lang='lat' dir='ltr'><strong>omnia,</strong></span> <span class='ocrx_word' id='word_1_156' title='bbox 308 1681 356 1722; x_wconf 80' lang='lat' dir='ltr'><strong>qnae</strong></span> <span class='ocrx_word' id='word_1_157' title='bbox 372 1669 433 1719; x_wconf 82' lang='lat' dir='ltr'><strong>[sunt]</strong></span> <span class='ocrx_word' id='word_1_158' title='bbox 455 1668 474 1708; x_wconf 92' lang='lat' dir='ltr'><strong>in</strong></span> <span class='ocrx_word' id='word_1_159' title='bbox 493 1680 527 1716; x_wconf 86' lang='lat' dir='ltr'><strong>eo,</strong></span> <span class='ocrx_word' id='word_1_160' title='bbox 549 1669 659 1709; x_wconf 85' lang='lat' dir='ltr'><strong>moriuntur.</strong></span> <span class='ocrx_word' id='word_1_161' title='bbox 693 1669 762 1709; x_wconf 89' lang='lat' dir='ltr'><strong>Nonne</strong></span> <span class='ocrx_word' id='word_1_162' title='bbox 776 1681 816 1715; x_wconf 79' lang='lat' dir='ltr'><strong>ros,</strong></span> 
     </span>
     <span class='ocr_line' id='line_1_22' title="bbox 88 1735 816 1790; baseline -0.003 -11"><span class='ocrx_word' id='word_1_163' title='bbox 88 1744 211 1790; x_wconf 84' lang='lat' dir='ltr'><strong>peccatores,</strong></span> <span class='ocrx_word' id='word_1_164' title='bbox 233 1737 266 1789; x_wconf 85' lang='lat' dir='ltr'><strong>qai</strong></span> <span class='ocrx_word' id='word_1_165' title='bbox 283 1738 368 1776; x_wconf 90' lang='lat' dir='ltr'><strong>interra</strong></span> <span class='ocrx_word' id='word_1_166' title='bbox 387 1738 446 1781; x_wconf 86' lang='lat' dir='ltr'><strong>estis,</strong></span> <span class='ocrx_word' id='word_1_167' title='bbox 458 1737 515 1776; x_wconf 79' lang='lat' dir='ltr'><strong>num</strong></span> <span class='ocrx_word' id='word_1_168' title='bbox 532 1735 637 1776; x_wconf 79' lang='lat' dir='ltr'><strong>metuetis?</strong></span> <span class='ocrx_word' id='word_1_169' title='bbox 656 1737 724 1777; x_wconf 89' lang='lat' dir='ltr'><strong>Nonne</strong></span> <span class='ocrx_word' id='word_1_170' title='bbox 738 1736 772 1777; x_wconf 87' lang='lat' dir='ltr'><strong>lile</strong></span> <span class='ocrx_word' id='word_1_171' title='bbox 788 1742 816 1777; x_wconf 87' lang='lat' dir='ltr'><strong>est</strong></span> 
     </span>
     <span class='ocr_line' id='line_1_23' title="bbox 88 1794 781 1854; baseline -0.009 -6"><span class='ocrx_word' id='word_1_172' title='bbox 88 1808 137 1849; x_wconf 83' lang='lat' dir='ltr'><strong>coeii</strong></span> <span class='ocrx_word' id='word_1_173' title='bbox 153 1813 172 1847; x_wconf 90' lang='lat' dir='ltr'><strong>ct</strong></span> <span class='ocrx_word' id='word_1_174' title='bbox 185 1813 247 1847; x_wconf 89' lang='lat' dir='ltr'><strong>terrae</strong></span> <span class='ocrx_word' id='word_1_175' title='bbox 263 1810 346 1851; x_wconf 84' lang='lat' dir='ltr'><strong>creator,</strong></span> <span class='ocrx_word' id='word_1_176' title='bbox 363 1810 382 1844; x_wconf 90' lang='lat' dir='ltr'><strong>et</strong></span> <span class='ocrx_word' id='word_1_177' title='bbox 396 1804 479 1843; x_wconf 88' lang='lat' dir='ltr'><strong>emnium</strong></span> <span class='ocrx_word' id='word_1_178' title='bbox 494 1814 570 1850; x_wconf 84' lang='lat' dir='ltr'><strong>rerum,</strong></span> <span class='ocrx_word' id='word_1_179' title='bbox 586 1814 634 1854; x_wconf 83' lang='lat' dir='ltr'><strong>qnae</strong></span> <span class='ocrx_word' id='word_1_180' title='bbox 648 1794 705 1843; x_wconf 87' lang='lat' dir='ltr'><strong>iniis</strong></span> <span class='ocrx_word' id='word_1_181' title='bbox 720 1803 781 1843; x_wconf 76' lang='lat' dir='ltr'><strong>sunt?</strong></span> 
     </span>
    </p>

    <p class='ocr_par' dir='ltr' id='par_1_10' title="bbox 88 1870 870 2118">
     <span class='ocr_line' id='line_1_24' title="bbox 143 1870 870 1925; baseline -0.006 -11"><span class='ocrx_word' id='word_1_182' title='bbox 143 1875 163 1922; x_wconf 78' lang='lat' dir='ltr'><strong>S)</strong></span> <span class='ocrx_word' id='word_1_183' title='bbox 176 1875 200 1914; x_wconf 82' lang='lat' dir='ltr'><strong>Et</strong></span> <span class='ocrx_word' id='word_1_184' title='bbox 214 1875 255 1925; x_wconf 84' lang='lat' dir='ltr'><strong>quis</strong></span> <span class='ocrx_word' id='word_1_185' title='bbox 271 1873 396 1913; x_wconf 88' lang='lat' dir='ltr'><strong>eruditionem</strong></span> <span class='ocrx_word' id='word_1_186' title='bbox 412 1876 430 1911; x_wconf 85' lang='lat' dir='ltr'><strong>et</strong></span> <span class='ocrx_word' id='word_1_187' title='bbox 445 1872 557 1922; x_wconf 88' lang='lat' dir='ltr'><strong>sapientiam</strong></span> <span class='ocrx_word' id='word_1_188' title='bbox 571 1870 624 1912; x_wconf 84' lang='lat' dir='ltr'><strong>dedit</strong></span> <span class='ocrx_word' id='word_1_189' title='bbox 638 1870 737 1918; x_wconf 85' lang='lat' dir='ltr'><strong>omnibus,</strong></span> <span class='ocrx_word' id='word_1_190' title='bbox 753 1871 818 1923; x_wconf 88' lang='lat' dir='ltr'><strong>quiin</strong></span> <span class='ocrx_word' id='word_1_191' title='bbox 869 1878 870 1881; x_wconf 77' lang='grc'>’</span> 
     </span>
     <span class='ocr_line' id='line_1_25' title="bbox 88 1939 864 1995; baseline -0.005 -13"><span class='ocrx_word' id='word_1_192' title='bbox 88 1948 137 1983; x_wconf 87' lang='lat' dir='ltr'><strong>terra</strong></span> <span class='ocrx_word' id='word_1_193' title='bbox 152 1947 171 1982; x_wconf 90' lang='lat' dir='ltr'><strong>et</strong></span> <span class='ocrx_word' id='word_1_194' title='bbox 185 1942 250 1994; x_wconf 87' lang='lat' dir='ltr'><strong>quiin</strong></span> <span class='ocrx_word' id='word_1_195' title='bbox 265 1941 312 1980; x_wconf 84' lang='lat' dir='ltr'><strong>mari</strong></span> <span class='ocrx_word' id='word_1_196' title='bbox 326 1939 385 1980; x_wconf 80' lang='lat' dir='ltr'><strong>sunt?</strong></span> <span class='ocrx_word' id='word_1_197' title='bbox 863 1992 864 1995; x_wconf 11' lang='grc' dir='ltr'><strong>Ἴ</strong></span> 
     </span>
     <span class='ocr_line' id='line_1_26' title="bbox 144 2004 818 2059; baseline -0.009 -8"><span class='ocrx_word' id='word_1_198' title='bbox 144 2011 163 2059; x_wconf 87' lang='grc'><strong>9)</strong></span> <span class='ocrx_word' id='word_1_199' title='bbox 178 2011 246 2050; x_wconf 92' lang='lat' dir='ltr'><strong>Nonne</strong></span> <span class='ocrx_word' id='word_1_200' title='bbox 260 2010 336 2050; x_wconf 86' lang='lat' dir='ltr'><strong>navium</strong></span> <span class='ocrx_word' id='word_1_201' title='bbox 350 2007 436 2059; x_wconf 82' lang='lat' dir='ltr'><strong>magistri</strong></span> <span class='ocrx_word' id='word_1_202' title='bbox 451 2007 518 2046; x_wconf 87' lang='lat' dir='ltr'><strong>timont</strong></span> <span class='ocrx_word' id='word_1_203' title='bbox 532 2004 642 2045; x_wconf 79' lang='lat' dir='ltr'><strong>oceanum?</strong></span> <span class='ocrx_word' id='word_1_204' title='bbox 656 2004 695 2044; x_wconf 86' lang='lat' dir='ltr'><strong>Sed</strong></span> <span class='ocrx_word' id='word_1_205' title='bbox 706 2016 740 2044; x_wconf 89' lang='lat' dir='ltr'><strong>vos</strong></span> <span class='ocrx_word' id='word_1_206' title='bbox 750 2015 818 2054; x_wconf 83' lang='lat' dir='ltr'><strong>peeca-</strong></span> 
     </span>
     <span class='ocr_line' id='line_1_27' title="bbox 89 2075 419 2118; baseline -0.015 -2"><span class='ocrx_word' id='word_1_207' title='bbox 89 2082 140 2118; x_wconf 92' lang='lat' dir='ltr'><strong>tores</strong></span> <span class='ocrx_word' id='word_1_208' title='bbox 155 2089 194 2116; x_wconf 93' lang='lat' dir='ltr'><strong>non</strong></span> <span class='ocrx_word' id='word_1_209' title='bbox 208 2076 292 2116; x_wconf 88' lang='lat' dir='ltr'><strong>metuitis</strong></span> <span class='ocrx_word' id='word_1_210' title='bbox 306 2075 419 2115; x_wconf 80' lang='lat' dir='ltr'><strong>Enceisnmt</strong></span> 
     </span>
    </p>
   </div>
   <div class='ocr_carea' id='block_1_4' title="bbox 146 2158 818 2295">
    <p class='ocr_par' dir='ltr' id='par_1_11' title="bbox 146 2158 818 2295">
     <span class='ocr_line' id='line_1_28' title="bbox 387 2158 523 2204; baseline -0.022 0"><span class='ocrx_word' id='word_1_211' title='bbox 387 2163 448 2204; x_wconf 78' lang='lat' dir='ltr'>GAP.</span> <span class='ocrx_word' id='word_1_212' title='bbox 470 2158 523 2202; x_wconf 50' lang='lat' dir='ltr'><strong>eil}</strong></span> 
     </span>
     <span class='ocr_line' id='line_1_29' title="bbox 146 2228 818 2295; baseline -0.012 -19"><span class='ocrx_word' id='word_1_213' title='bbox 146 2238 164 2283; x_wconf 87' lang='lat' dir='ltr'><strong>t)</strong></span> <span class='ocrx_word' id='word_1_214' title='bbox 178 2236 221 2275; x_wconf 84' lang='lat' dir='ltr'><strong>Istis</strong></span> <span class='ocrx_word' id='word_1_215' title='bbox 248 2234 328 2278; x_wconf 85' lang='lat' dir='ltr'><strong>dicbus,</strong></span> <span class='ocrx_word' id='word_1_216' title='bbox 360 2231 435 2284; x_wconf 87' lang='lat' dir='ltr'><strong>quando</strong></span> <span class='ocrx_word' id='word_1_217' title='bbox 460 2233 525 2283; x_wconf 84' lang='lat' dir='ltr'><strong>ignem</strong></span> <span class='ocrx_word' id='word_1_218' title='bbox 549 2228 739 2270; x_wconf 80' lang='lat' dir='ltr'><strong>vehementissimum</strong></span> <span class='ocrx_word' id='word_1_219' title='bbox 764 2228 818 2295; x_wconf 79' lang='lat' dir='ltr'><strong>vobis</strong></span> 
     </span>
    </p>
   </div>
   <div class='ocr_carea' id='block_1_5' title="bbox 89 2298 818 2417">
    <p class='ocr_par' dir='ltr' id='par_1_12' title="bbox 89 2298 818 2417">
     <span class='ocr_line' id='line_1_30' title="bbox 89 2298 562 2353; baseline -0.007 -11.811"><span class='ocrx_word' id='word_1_220' title='bbox 89 2304 171 2352; x_wconf 84' lang='lat' dir='ltr'><strong>in&#39;ieiet,</strong></span> <span class='ocrx_word' id='word_1_221' title='bbox 191 2315 229 2353; x_wconf 83' lang='lat' dir='ltr'><strong>qne</strong></span> <span class='ocrx_word' id='word_1_222' title='bbox 242 2301 307 2353; x_wconf 77' lang='lat' dir='ltr'><strong>ingre</strong></span> <span class='ocrx_word' id='word_1_223' title='bbox 302 2314 319 2342; x_wconf 90' lang='lat' dir='ltr'><strong>rs</strong></span> <span class='ocrx_word' id='word_1_224' title='bbox 334 2305 354 2340; x_wconf 93' lang='lat' dir='ltr'><strong>e</strong></span> <span class='ocrx_word' id='word_1_225' title='bbox 346 2301 398 2340; x_wconf 92' lang='lat' dir='ltr'><strong>tubi</strong></span> <span class='ocrx_word' id='word_1_226' title='bbox 414 2299 477 2339; x_wconf 83' lang='lat' dir='ltr'><strong>securi</strong></span> <span class='ocrx_word' id='word_1_227' title='bbox 493 2298 562 2338; x_wconf 75' lang='lat' dir='ltr'><strong>eritis?</strong></span> 
     </span>
     <span class='ocr_line' id='line_1_31' title="bbox 143 2363 818 2417; baseline -0.014 -6.809"><span class='ocrx_word' id='word_1_228' title='bbox 143 2371 200 2417; x_wconf 64' lang='lat' dir='ltr'><strong>NE)</strong></span> <span class='ocrx_word' id='word_1_229' title='bbox 215 2381 259 2408; x_wconf 89' lang='lat' dir='ltr'><strong>cum</strong></span> <span class='ocrx_word' id='word_1_230' title='bbox 277 2367 357 2408; x_wconf 82' lang='lat' dir='ltr'><strong>verbum</strong></span> <span class='ocrx_word' id='word_1_231' title='bbox 376 2376 432 2405; x_wconf 90' lang='lat' dir='ltr'><strong>sunm</strong></span> <span class='ocrx_word' id='word_1_232' title='bbox 451 2369 518 2403; x_wconf 86' lang='lat' dir='ltr'><strong>centra</strong></span> <span class='ocrx_word' id='word_1_233' title='bbox 531 2375 566 2402; x_wconf 86' lang='lat' dir='ltr'><strong>vos</strong></span> <span class='ocrx_word' id='word_1_234' title='bbox 586 2363 667 2406; x_wconf 85' lang='lat' dir='ltr'><strong>emittet,</strong></span> <span class='ocrx_word' id='word_1_235' title='bbox 691 2374 754 2401; x_wconf 88' lang='lat' dir='ltr'><strong>nonne</strong></span> <span class='ocrx_word' id='word_1_236' title='bbox 772 2373 818 2401; x_wconf 89' lang='lat' dir='ltr'><strong>con·</strong></span> 
     </span>
    </p>
   </div>
   <div class='ocr_carea' id='block_1_6' title="bbox 88 2432 818 2553">
    <p class='ocr_par' dir='ltr' id='par_1_13' title="bbox 88 2432 818 2553">
     <span class='ocr_line' id='line_1_32' title="bbox 88 2432 435 2487; baseline -0.014 -12"><span class='ocrx_word' id='word_1_237' title='bbox 88 2438 213 2484; x_wconf 80' lang='lat' dir='ltr'><strong>immiscetis,</strong></span> <span class='ocrx_word' id='word_1_238' title='bbox 234 2440 253 2476; x_wconf 91' lang='lat' dir='ltr'><strong>ct</strong></span> <span class='ocrx_word' id='word_1_239' title='bbox 266 2432 435 2487; x_wconf 77' lang='lat' dir='ltr'><strong>perturbabimini?</strong></span> 
     </span>
     <span class='ocr_line' id='line_1_33' title="bbox 144 2495 818 2553; baseline -0.018 -7.764"><span class='ocrx_word' id='word_1_240' title='bbox 144 2503 246 2553; x_wconf 86' lang='lat' dir='ltr'><strong>3)Omnia</strong></span> <span class='ocrx_word' id='word_1_241' title='bbox 261 2500 360 2541; x_wconf 90' lang='lat' dir='ltr'><strong>luminaria</strong></span> <span class='ocrx_word' id='word_1_242' title='bbox 373 2510 442 2549; x_wconf 86' lang='lat' dir='ltr'><strong>magno</strong></span> <span class='ocrx_word' id='word_1_243' title='bbox 465 2501 516 2535; x_wconf 89' lang='lat' dir='ltr'><strong>metu</strong></span> <span class='ocrx_word' id='word_1_244' title='bbox 531 2500 568 2546; x_wconf 86' lang='lat' dir='ltr'><strong>agr</strong></span> <span class='ocrx_word' id='word_1_245' title='bbox 555 2495 660 2540; x_wconf 89' lang='lat' dir='ltr'><strong>abnntor</strong></span> <span class='ocrx_word' id='word_1_246' title='bbox 682 2498 702 2535; x_wconf 85' lang='lat' dir='ltr'><strong>et</strong></span> <span class='ocrx_word' id='word_1_247' title='bbox 715 2498 755 2537; x_wconf 88' lang='lat' dir='ltr'><strong>teat</strong></span> <span class='ocrx_word' id='word_1_248' title='bbox 769 2499 818 2536; x_wconf 87' lang='lat' dir='ltr'><strong>terra</strong></span> 
     </span>
    </p>
   </div>
   <div class='ocr_carea' id='block_1_7' title="bbox 88 2562 825 2759">
    <p class='ocr_par' dir='ltr' id='par_1_14' title="bbox 88 2562 825 2759">
     <span class='ocr_line' id='line_1_34' title="bbox 88 2562 630 2624; baseline -0.02 -11"><span class='ocrx_word' id='word_1_249' title='bbox 88 2578 179 2624; x_wconf 82' lang='lat' dir='ltr'><strong>pavescat</strong></span> <span class='ocrx_word' id='word_1_250' title='bbox 193 2577 250 2622; x_wconf 88' lang='lat' dir='ltr'><strong>atque</strong></span> <span class='ocrx_word' id='word_1_251' title='bbox 266 2572 377 2613; x_wconf 85' lang='lat' dir='ltr'><strong>contremet,</strong></span> <span class='ocrx_word' id='word_1_252' title='bbox 393 2570 413 2606; x_wconf 86' lang='lat' dir='ltr'><strong>et</strong></span> <span class='ocrx_word' id='word_1_253' title='bbox 426 2564 507 2606; x_wconf 85' lang='lat' dir='ltr'><strong>anrieat</strong></span> <span class='ocrx_word' id='word_1_254' title='bbox 481 2562 630 2603; x_wconf 84' lang='lat' dir='ltr'><strong>ateleborabit.</strong></span> 
     </span>
     <span class='ocr_line' id='line_1_35' title="bbox 143 2629 825 2688; baseline -0.018 -9"><span class='ocrx_word' id='word_1_255' title='bbox 143 2640 163 2687; x_wconf 84' lang='grc'><strong>4)</strong></span> <span class='ocrx_word' id='word_1_256' title='bbox 179 2640 253 2680; x_wconf 87' lang='lat' dir='ltr'><strong>Omnes</strong></span> <span class='ocrx_word' id='word_1_257' title='bbox 267 2636 330 2688; x_wconf 79' lang='lat' dir='ltr'><strong>angeli</strong></span> <span class='ocrx_word' id='word_1_258' title='bbox 344 2633 431 2674; x_wconf 89' lang='lat' dir='ltr'><strong>mandata</strong></span> <span class='ocrx_word' id='word_1_259' title='bbox 445 2632 494 2682; x_wconf 91' lang='lat' dir='ltr'><strong>ipsis</strong></span> <span class='ocrx_word' id='word_1_260' title='bbox 509 2629 552 2671; x_wconf 85' lang='lat' dir='ltr'><strong>deta</strong></span> <span class='ocrx_word' id='word_1_261' title='bbox 565 2630 677 2682; x_wconf 84' lang='lat' dir='ltr'><strong>perficient,</strong></span> <span class='ocrx_word' id='word_1_262' title='bbox 693 2634 713 2669; x_wconf 88' lang='lat' dir='ltr'><strong>et</strong></span> <span class='ocrx_word' id='word_1_263' title='bbox 726 2629 825 2670; x_wconf 87' lang='lat' dir='ltr'><strong>abscondi.</strong></span> 
     </span>
     <span class='ocr_line' id='line_1_36' title="bbox 89 2696 819 2759; baseline -0.016 -13"><span class='ocrx_word' id='word_1_264' title='bbox 89 2701 189 2759; x_wconf 83' lang='lat' dir='ltr'><strong>capiente</strong></span> <span class='ocrx_word' id='word_1_265' title='bbox 203 2716 282 2758; x_wconf 81' lang='lat' dir='ltr'><strong>magnac</strong></span> <span class='ocrx_word' id='word_1_266' title='bbox 297 2703 369 2757; x_wconf 86' lang='lat' dir='ltr'><strong>gloriae</strong></span> <span class='ocrx_word' id='word_1_267' title='bbox 380 2698 497 2754; x_wconf 65' lang='lat' dir='ltr'><strong>praesentim</strong></span> <span class='ocrx_word' id='word_1_268' title='bbox 512 2703 531 2739; x_wconf 89' lang='lat' dir='ltr'><strong>et</strong></span> <span class='ocrx_word' id='word_1_269' title='bbox 544 2702 595 2738; x_wconf 88' lang='lat' dir='ltr'><strong>terra</strong></span> <span class='ocrx_word' id='word_1_270' title='bbox 609 2697 641 2738; x_wconf 86' lang='lat' dir='ltr'><strong>filii</strong></span> <span class='ocrx_word' id='word_1_271' title='bbox 656 2696 759 2747; x_wconf 86' lang='lat' dir='ltr'><strong>perturbati</strong></span> <span class='ocrx_word' id='word_1_272' title='bbox 774 2707 819 2735; x_wconf 83' lang='lat' dir='ltr'><strong>con-</strong></span> 
     </span>
    </p>
   </div>
   <div class='ocr_carea' id='block_1_8' title="bbox 35 2777 205 2816">
    <p class='ocr_par' dir='ltr' id='par_1_15' title="bbox 35 2777 205 2816">
     <span class='ocr_line' id='line_1_37' title="bbox 35 2777 205 2816; baseline 0.018 -3"><span class='ocrx_word' id='word_1_273' title='bbox 35 2810 36 2813; x_wconf 63' lang='lat'><strong>,</strong></span> <span class='ocrx_word' id='word_1_274' title='bbox 89 2777 205 2816; x_wconf 86' lang='lat' dir='ltr'><strong>tremiscent.</strong></span> 
     </span>
    </p>
   </div>
   <div class='ocr_carea' id='block_1_9' title="bbox 132 2874 439 2923">
    <p class='ocr_par' dir='ltr' id='par_1_16' title="bbox 132 2874 439 2923">
     <span class='ocr_line' id='line_1_38' title="bbox 132 2874 439 2923; baseline -0.029 -11"><span class='ocrx_word' id='word_1_275' title='bbox 132 2879 152 2921; x_wconf 78' lang='lat' dir='ltr'><strong>t]</strong></span> <span class='ocrx_word' id='word_1_276' title='bbox 164 2879 204 2923; x_wconf 82' lang='lat' dir='ltr'><strong>Gap.</strong></span> <span class='ocrx_word' id='word_1_277' title='bbox 217 2877 242 2913; x_wconf 84' lang='lat' dir='ltr'><strong>Ci.</strong></span> <span class='ocrx_word' id='word_1_278' title='bbox 255 2878 302 2909; x_wconf 84' lang='lat' dir='ltr'><strong>deest</strong></span> <span class='ocrx_word' id='word_1_279' title='bbox 314 2878 331 2908; x_wconf 94' lang='lat' dir='ltr'><strong>in</strong></span> <span class='ocrx_word' id='word_1_280' title='bbox 343 2874 379 2907; x_wconf 80' lang='lat' dir='ltr'><strong>biss,</strong></span> <span class='ocrx_word' id='word_1_281' title='bbox 434 2909 439 2920; x_wconf 67' lang='lat'><strong>-‚</strong></span> 
     </span>
    </p>
   </div>
   <div class='ocr_carea' id='block_1_10' title="bbox 0 0 909 3145">
    <p class='ocr_par' dir='ltr' id='par_1_17' title="bbox 0 0 909 3145">
     <span class='ocr_line' id='line_1_39' title="bbox 0 0 909 3145; baseline 0 0"><span class='ocrx_word' id='word_1_282' title='bbox 0 0 909 3145; x_wconf 95' lang='lat' dir='ltr'><strong> </strong></span> 
     </span>
    </p>
   </div>
  </div>
 </body>
</html>
