1807 3145
343 189 463 238 timuerunt.

95 315 199 363 „Femineo
211 326 261 365 ¹seru
273 313 372 365 *subtracto
385 313 429 364 jure
441 310 449 335 ¹
463 324 601 361 muraenae
659 358 661 360 ,

39 386 88 425 Esse
101 386 165 424 ferunt
179 390 269 432 cunctas,
284 390 439 431 coeunttamen
447 397 469 430 ac
477 389 610 431 renovantur,

40 450 222 506 Multiplicentque⁹
237 465 284 502 euos
299 452 361 500 alieno
376 454 464 507 germine
476 453 545 496 foetus.
619 442 620 445 ¹

41 521 159 562 Conveniunt
174 523 245 568 etenim
260 536 295 573 per-
308 523 372 567 littora
387 523 463 573 saepius
478 532 551 573 angues„

42 588 85 635 Quo
100 589 182 641 degunt,
196 591 306 640 faciuntque
319 602 381 635 sonos
391 595 416 634 ct,
430 589 485 634 sibila
500 589 559 640 grati,

39 655 63 695 ut
78 655 106 695 sic
121 655 194 697 eductis
210 661 280 697 coeunt
294 668 317 696 er
331 668 384 701 more
399 654 514 702 muraenis.“

97 804 144 852 „Est
158 817 234 858 quoque
248 805 355 846 mirandum
369 805 421 858 quod
435 805 558 858 semipedalis
573 804 693 860 echinus,
742 824 744 834 =

41 872 128 911 Haercns
144 874 174 912 cui
188 874 245 913 suerit
258 873 314 913 fixam
329 876 383 925 'quasi
396 874 459 913 littore
473 886 542 914 narem

40 940 118 981 Detinet
133 941 152 980 in
167 947 237 992 ponto,
252 954 289 981 nec
304 953 346 980 earn
359 939 457 993 permittet
471 941 522 981 abire

40 1009 108 1048 Donec
124 1008 222 1055 discedat,
236 1009 269 1049 tali
282 1009 356 1050 virtute
365 1009 468 1054 timendus.

42 1077 143 1127 Quemque
158 1081 226 1129 vocant
241 1075 386 1128 grauium?
401 1079 443 1129 quia
457 1081 520 1119 rostro
535 1077 593 1123 laedit
607 1083 673 1124 acuto,

42 1131 123 1194 Saepius
137 1144 187 1182 hunc
201 1150 278 1183 nantem
291 1141 397 1190 metuunrt
411 1145 504 1185 accedere
518 1146 570 1191 navi;

41 1212 89 1253 Nam
103 1211 120 1252 si
134 1206 220 1264 sumptus
235 1213 281 1260 erit,
298 1213 400 1253 confestim
413 1214 497 1265 perforet
510 1214 579 1259 illan„

41 1280 65 1320 Et
78 1280 148 1331 mergit
161 1285 235 1335 sectam
249 1281 312 1321 subito
327 1293 372 1321 cum
386 1284 459 1334 gurgite
473 1294 546 1323 navem,

41 1349 110 1399 Fitque
124 1349 164 1387 suis
179 1348 243 1386 cristis
255 1349 372 1394 metuendus
387 1352 555 1396 serracarinis‚

43 1414 95 1461 Quas
109 1413 170 1465 infigit
184 1416 223 1462 eis,
238 1414 282 1455 dum
297 1415 394 1463 subnatat,
410 1420 466 1468 atque
481 1409 556 1456 sedatas

41 1481 113 1532 Dejicit
125 1481 145 1522 in
158 1481 239 1529 fluctus3
249 1483 311 1523 crista
324 1483 376 1525 uelut
390 1496 437 1529 ense
450 1484 566 1524 timendus,“

101 1633 266 1683 „Aequoreusque
280 1631 370 1677 draco,
386 1633 418 1682 qui
431 1633 491 1672 fertur·
503 1632 574 1672 hahere
588 1644 684 1673 uenenum

46 1699 85 1740 Suh
100 1700 178 1752 pennis,
194 1699 307 1761 metuendus
323 1699 359 1739 crit
373 1698 491 1750 capientibus
504 1698 568 1744 iiium;

44 1768 72 1808 Et
82 1767 172 1819 quotiens
181 1768 261 1820 pungit,
275 1767 344 1816 laedit,
358 1765 456 1806 fundendo
470 1770 584 1808 venenum.“

102 1917 150 1962 „Ast
164 1915 209 1955 alias
225 1914 289 1955 credes
303 1914 409 1965 torpedo
423 1915 483 1953 fertur
497 1912 577 1958 hahere;

46 1983 94 2024 Nam
108 1984 140 2034 qui
153 1983 213 2034 tangit
226 1994 267 2022 earn
282 1981 388 2027 virentem,
403 1980 490 2032 protinus
503 1980 532 2018 iili

46 2051 126 2091 Brachia
140 2049 278 2101 compedibus
293 2053 379 2101 torpent,
395 2053 414 2089 et
429 2053 504 2088 caetera
518 2047 614 2094 membra,
683 2096 685 2099 Α

49 2119 157 2170 Officioque
171 2116 277 2168 suoquasi
290 2121 364 2156 mortua
379 2116 518 2156 destituuntur:

48 2186 82 2226 Sic
96 2186 148 2226 solet
162 2197 205 2225 esse
219 2195 293 2224 nocens
307 2183 358 2223 illius
374 2182 461 2234 corporis
476 2193 526 2222 aura.

104 2345 152 2389 „His
166 2344 219 2383 Deus
234 2355 256 2383 ac
270 2344 312 2384 aliis
327 2342 392 2384 ditarit
405 2342 489 2394 piscihus
503 2353 585 2394 aequom

48 2412 162 2465 Adjecitque
177 2410 217 2451 suis
230 2409 295 2461 plures
308 2409 329 2448 in
342 2408 434 2455 fructibus
449 2409 518 2454 orbes,

50 2482 104 2530 Quos
118 2479 203 2520 habitant
216 2477 304 2518 homines
318 2489 353 2529 pro
367 2477 462 2517 fertilitate
476 2480 561 2529 reperta,

51 2549 113 2598 Quam
126 2547 213 2601 producit
226 2546 252 2586 ihi
266 2544 361 2593 foecundo
376 2545 453 2595 cespite
463 2545 525 2585 tellus.

96 2726 115 2770 1)
128 2725 229 2761 Feminei
245 2734 308 2759 senus
325 2734 338 2759 s.
350 2735 417 2767 marc,
435 2724 509 2769 conjecit
525 2727 586 2770 primns
602 2727 643 2762 edit,
669 2726 688 2771 2]
704 2726 780 2760 Multi-

51 2786 178 2833 micatque
194 2784 244 2818 habet
255 2786 283 2824 me.
306 2782 325 2829 3)
337 2783 434 2832 diadum,
450 2794 479 2819 ms.
505 2785 524 2827 lt)
536 2784 566 2820 Pro
575 2785 653 2821 -leotione
669 2785 721 2825 moti,
730 2784 779 2829 jsub-

51 2846 108 2877 sartura
119 2847 144 2877 est
155 2842 173 2875 in
185 2841 237 2885 prima
248 2840 323 2874 editione
334 2845 415 2876 nautae
426 2846 514 2876 metunt.
