1807 3145
87 185 90 189 ’
125 182 165 219 20ss
215 222 218 238 Α
430 177 493 212 Enochi
505 178 552 213 llher.

178 294 201 340 u)
216 290 274 338 Quod
295 290 356 330 omnis
377 291 444 332 dirisio
466 292 559 344 dividitur,
588 298 606 332 et
628 294 710 334 tonitrua
733 296 752 335 in
772 295 852 347 singulis

127 360 166 417 suis
180 358 266 406 casibus,
282 362 301 397 el
314 359 334 397 in
349 359 401 397 omni
416 358 519 406 diuisione,
542 371 578 412 qua
593 358 693 408 dividitur,
709 361 759 413 quod
773 362 855 414 fulgurat

124 427 204 479 fulgure.
212 425 230 474 a)
456 478 468 486 „
485 474 488 484 Δ
715 424 721 431 '

179 497 203 542 ¹7)
219 493 276 541 Quod
290 495 385 533 exercitus
401 496 496 544 [catervae
508 496 583 544 eorum]
598 496 650 534 illico
663 496 759 542 obediunt,
775 503 794 537 et
807 502 857 549 quod

125 562 241 602 intermissio
257 566 286 600 est
299 562 319 600 in
333 552 415 608 tonitru,
438 575 481 602 nam
497 556 680 603 continuat'sonum
701 575 762 623 suum¹
789 565 856 617 >Neque

125 630 196 667 tonitru
215 632 234 666 et
252 628 324 665 fulmen
342 634 428 677 separata
446 635 499 675 sunt,
525 630 610 681 quamvis
629 634 730 680 utrumque
750 631 801 669 haud
820 644 858 672 uno

127 697 194 748 spiritu
209 699 319 735 moveatur:
337 699 454 734 tamennon
470 701 514 736 sunt
528 700 619 748 separata.

181 765 203 811 S)
218 763 266 802 Nam
280 775 324 802 cum
338 762 410 802 fulmen
422 759 578 810 micatstcnitru
593 767 660 808 sonat,
676 762 711 802 sed
726 763 803 814 spiritus
818 763 859 814 ejus

126 832 203 882 proprio
213 837 300 880 tempore
311 835 380 875 cessat,
394 842 473 880 aequam
483 832 555 870 faciens
566 830 689 873 divisionem:
705 834 749 870 nam
759 832 858 871 thesaurus

128 911 196 937 eorum
207 898 253 948 [est]
265 910 333 937 arenae
346 897 411 936 instar.
425 897 531 949 Utrumque
542 909 609 936 eorum
618 898 695 948 proprio
704 895 791 948 tempore
806 898 859 937 freno

129 966 239 1011 cohibetur,
259 969 278 1004 et
291 965 370 1004 uertitur
383 964 401 1004 vi
416 965 499 1015 spiritus,
516 965 576 1004 etsie
593 965 631 1013 [eal
646 964 779 1015 propelluntur
793 976 860 1004 secun·

130 1032 174 1071 [lum
189 1033 294 1083 spatiosum
308 1037 370 1071 terrae
385 1032 480 1071 ambitum.
724 1079 727 1082 1

185 1102 208 1145 9)
223 1099 296 1136 Pariter
318 1098 396 1148 spiritus
416 1099 474 1136 maris
492 1104 561 1148 potens
580 1103 610 1136 est
628 1103 647 1136 et
665 1099 748 1141 validus,
775 1103 794 1135 et
813 1099 861 1137 sicut

129 1165 191 1206 valida
205 1165 229 1209 ul,
245 1176 281 1203 ceu
294 1165 355 1209 freno,
371 1165 472 1204 retrahitur
487 1164 566 1213 [refluxu
580 1164 657 1212 mansi,
673 1166 701 1204 sic
717 1170 736 1205 et
749 1164 861 1215 propellitur

130 1237 150 1273 et
170 1231 266 1271 montibus
289 1235 351 1271 terrae
372 1232 486 1282 impingitur.
531 1231 612 1282 Spiritus
636 1232 704 1282 glaciei
724 1232 803 1284 angelus
826 1238 861 1279 est,

129 1301 207 1351 spiritns
222 1299 319 1349 grandinis
334 1303 364 1338 est
377 1298 439 1338 bonus
455 1298 540 1350 angelus,
557 1298 614 1337 etiam
628 1299 705 1348 spiritus
720 1299 768 1340 niuis
783 1293 862 1349 propter

129 1369 247 1411 vimsuam,
274 1371 293 1406 ot
307 1367 383 1416 spiritus
403 1367 505 1416 singularis
523 1367 543 1404 in
558 1376 581 1404 ea
595 1369 634 1410 est,
661 1366 692 1415 qui
713 1378 736 1404 eir
751 1378 773 1405 ea
788 1366 862 1415 vaporis

130 1435 191 1472 instar
205 1432 311 1472 ascendere
325 1432 379 1476 lacit,
399 1436 418 1471 et
431 1432 550 1481 refrigeratio
566 1435 649 1470 vocatur.

173 1502 209 1550 11))
223 1500 307 1539 Nebulae
325 1499 402 1548 spiritus
421 1510 465 1537 cum
482 1500 506 1537 iis
523 1499 543 1536 in
563 1509 630 1536 eorum
644 1498 771 1548 acceptacula
785 1498 862 1546 nonii)

130 1567 209 1613 habitat,
225 1567 260 1605 sed
274 1565 415 1617 receptaculum
429 1577 463 1615 per
478 1577 499 1604 se
509 1564 580 1617 *haben
599 1577 643 1604 nam
657 1577 762 1615 processus
778 1560 822 1616 ejus
834 1570 863 1604 est

130 1633 149 1671 in
165 1632 273 1684 splendore.

173 1699 208 1747 11)
222 1699 244 1737 ln
254 1698 331 1744 lumine,
344 1698 394 1752 etin
406 1698 492 1750 ealigine,
506 1700 526 1738 in
536 1700 599 1739 hieme
610 1704 629 1739 et
638 1705 710 1740 aestate
721 1701 863 1753 receptaculum

119 1778 172 1820 ¹epus
187 1767 237 1806 nitor
252 1770 293 1812 est,
314 1770 333 1805 et
346 1766 425 1817 angelus
440 1765 482 1816 eJ'ns
499 1767 541 1817 [ibi]
607 1816 608 1819 Ἴ

174 1839 209 1882 ta)
224 1834 305 1885 Spiritus
320 1834 370 1873 roris
386 1834 458 1883 [habet]
478 1835 599 1874 mansionem
616 1846 671 1874 suam
684 1836 704 1874 in
724 1836 774 1876 coeli
788 1835 863 1882 linibus,

132 1915 220 1943 unacum
230 1902 304 1952 pluviae
314 1899 435 1950 receptaculo
441 1913 446 1946 ς
456 1906 475 1940 et
482 1913 586 1951 processus
596 1901 637 1950 ejus
646 1907 675 1941 est
684 1903 748 1942 hieme
756 1908 776 1942 et
785 1908 863 1942 aestate.

132 1970 197 2009 Nubes
212 1969 287 2023 abhoc
301 1973 359 2018 parta,
375 1974 394 2007 et
407 1969 469 2007 nubes
484 1969 566 2008 nebulae
576 1956 692 2019 inrigantur;
712 1971 771 2009 altera
786 1971 864 2009 alteram

132 2036 247 2086 locupletat,
273 2040 293 2075 et
305 2035 339 2074 ubi
355 2034 431 2085 pluviae
440 2035 523 2085 spiritus
542 2040 628 2075 movetur
647 2046 670 2075 ex
684 2037 806 2086 receptaculo
821 2048 862 2083 suo,

132 2089 211 2155 arigelus
220 2107 314 2153 apparet,
329 2106 349 2141 et
362 2102 505 2152 receptaculum
518 2103 579 2153 ipsius
594 2103 693 2153 aperiens,
714 2115 756 2142 eam
770 2105 863 2155 producit

175 2172 210 2219 13)
225 2170 278 2209 idem
291 2170 322 2216 lit,
343 2181 386 2208 eum
399 2170 462 2219 pluria
481 2170 595 2220 dispergitur
613 2182 648 2220 per
667 2173 728 2209 totam
742 2174 824 2218 terram,
846 2178 874 2213 et'

133 2240 197 2278 unitur
211 2250 254 2276 eum
269 2239 321 2276 omni
335 2249 394 2288 aquae
409 2250 490 2288 genere,
513 2236 564 2288 quod
579 2237 598 2275 in
613 2238 671 2275 humo
686 2241 725 2282 est,
747 2250 791 2277 nam
806 2252 866 2290 aquae

133 2310 232 2347 remanent
247 2306 267 2345 in
285 2310 346 2351 terra,
372 2306 415 2357 quia
434 2305 498 2344 cibum
518 2304 625 2357 [praebent]
647 2309 707 2346 terrae
722 2306 745 2346 ab
760 2305 865 2352 Altissimo,

134 2374 199 2425 quiin
214 2373 274 2412 coelis
289 2378 324 2413 est.

176 2443 211 2489 14)
227 2441 291 2488 Quare
305 2452 394 2481 mensura
409 2446 438 2481 est
452 2441 536 2492 pluviae,
557 2446 576 2480 et
590 2441 653 2492 angeli
667 2453 710 2481 eam
725 2441 844 2490 distribuunt.

119 2532 124 2538 ι
177 2508 212 2554 15)
227 2507 266 2545 Has
284 2521 316 2547 res
336 2509 427 2558 conspexi
446 2509 543 2559 singulas,
567 2513 586 2547 et
604 2509 666 2559 ipsum
681 2521 758 2560 quoque
772 2508 866 2559 justorum

134 2574 215 2614 hortum.
304 2579 306 2582 ⁴

178 2685 198 2729 ἦ)
210 2686 256 2720 Hanc
269 2686 362 2721 versionem
373 2686 409 2729 ipse
421 2686 518 2720 Laurentius
530 2688 625 2731 suppeditat
636 2699 656 2721 ex
668 2689 727 2722 codice
739 2689 836 2733 pariensisi‚
849 2690 866 2722 in

135 2735 238 2777 straEnochi
251 2744 331 2779 editione.
354 2743 399 2776 Edit.
750 2779 752 2781 ,
778 2769 780 2772 ,

169 2797 197 2840 aa)
208 2798 249 2833 male
257 2798 354 2834 laurentius
362 2800 468 2845 negationem
476 2799 541 2842 omittit,
554 2809 602 2843 quam
610 2798 712 2833 Holmannus
723 2801 795 2845 supplet,
810 2801 856 2834 Edit.
