1807 3145
73 872 188 917 ENOCHI
222 874 326 930 LIBER,
365 875 407 918 EX
439 875 622 920 AETHIOPIGO
659 874 803 920 SERMONE
838 901 839 904 =

89 962 220 1007 ANGLICE
239 962 354 1007 VERSUS
374 967 393 1007 A
414 964 496 1008 RlCH.
517 962 702 1019 ntuentium,
728 966 787 1008 lAlll

262 1052 437 1096 LATINITATE
463 1052 607 1104 DONATUS.

391 1195 450 1234 CAP.
469 1195 482 1234 l.

127 1282 146 1329 1)
160 1270 257 1323 Verbum
278 1281 419 1320 benedictionis
440 1282 525 1329 Enormi,
554 1294 592 1333 qno
613 1275 717 1325 'beneduit
737 1287 804 1326 electis

71 1354 90 1391 et
101 1349 170 1399 justis,
193 1348 225 1398 qui
238 1346 296 1386 futuri
312 1349 357 1385 suut
373 1346 395 1384 in
413 1345 443 1385 die
464 1347 584 1392 aitlietionis,
610 1348 721 1397 expellendo
737 1362 804 1390 ornnes
833 1355 834 1358 ’

71 1415 169 1469 improbos
189 1419 208 1454 et
226 1415 302 1466 impios.
330 1413 410 1459 Enoeb»,
433 1414 462 1454 vir
479 1413 553 1464 justus,
577 1415 608 1464 qui
623 1414 676 1466 [erat]
698 1417 803 1462 cumben,

71 1484 169 1536 respondit
184 1487 203 1523 ei
218 1481 274 1527 dixit,
298 1494 341 1520 eum
356 1482 407 1521 oeuli
421 1481 463 1531 ejus
478 1483 538 1532 aperti
556 1487 601 1522 sunt
619 1486 639 1522 et
652 1483 698 1523 vidit
718 1488 804 1523 sanctam

72 1552 167 1591 visionem
181 1551 201 1589 in
216 1549 282 1589 eoelis.
310 1549 365 1589 liano
379 1549 441 1599 angeli
455 1549 501 1587 mihi
515 1549 645 1589 ostenderunt.

125 1619 144 1668 2)
159 1618 188 1659 nb
203 1618 233 1658 his
254 1617 316 1658 audivi
331 1617 400 1656 >orrmia
419 1621 439 1656 et
452 1616 547 1664 intellexi,
571 1628 619 1669 quae
633 1615 730 1663 ridebam
755 1629 803 1669 quse
844 1634 846 1636 ·

72 1699 110 1727 non
121 1687 210 1727 accident
218 1688 239 1726 in
248 1686 283 1725 hao
293 1685 422 1737 generatione,
437 1684 472 1724 sed
485 1685 505 1724 in
519 1686 647 1736 generatione,
663 1696 711 1735 quae
725 1696 803 1725 sucees-

73 1766 117 1794 sura
132 1759 162 1795 est
176 1758 262 1806 ternpore
276 1756 361 1799 remoto,
381 1753 552 1804 propter-eleetos¹

127 1823 147 1871 3)
161 1823 241 1872 Propter·
254 1821 290 1860 bos
305 1821 382 1859 loeutus
398 1832 440 1858 suin
456 1825 475 1859 et
489 1821 572 1858 disserui
585 1832 629 1858 euni
642 1821 680 1865 Eo,
699 1820 731 1871 qui
746 1821 803 1859 exibit

71 1899 81 1925 e
96 1886 194 1927 domicilio
209 1899 253 1933 suo,
274 1890 352 1926 sanetus
367 1891 386 1926 et
401 1887 523 1937 omnipotens
537 1887 590 1926 Deus
604 1886 683 1926 mundi:

124 1955 143 2004 4)
159 1955 196 2002 Qui
211 1954 279 1994 exinde
294 1953 374 1994 calcabit
388 1957 544 2004 supermontem
560 1952 622 1999 Sinai,
642 1952 741 2004 apparebit
756 1964 799 1993 euni

71 2022 150 2063 catervis
172 2021 224 2066 suis,
254 2026 273 2061 et
293 2020 444 2062 manifestabitur
465 2021 485 2060 in
505 2021 616 2061 fortitudine
636 2021 733 2072 potentiae
755 2032 801 2061 sune

70 2089 93 2126 de
108 2089 170 2128 eaelo.
387 2097 389 2100 ’

126 2155 146 2203 5)
162 2155 235 2194 Omnes
250 2157 386 2205 expavescent,
402 2158 421 2195 et
435 2153 507 2206 Vigiles
521 2154 649 2195 terrebuntur.

124 2223 144 2272 6)
159 2222 229 2275 ingens
249 2226 313 2263 metus
331 2234 353 2263 ae
372 2226 444 2262 tremor
463 2234 497 2261 eos
518 2223 604 2275 arripiet,
630 2234 691 2275 usqne
711 2221 734 2262 ed
748 2223 801 2274 ipsos
846 2230 848 2233 ’

72 2289 137 2330 mundi
151 2289 206 2331 lines.
226 2289 303 2330 lireelsi
314 2294 390 2330 montes
401 2290 568 2341 perturbabuntur,
584 2295 603 2330 et
618 2291 678 2330 eolles
693 2289 725 2330 ulti
739 2290 802 2340 depri-

70 2361 156 2404 mentur,
183 2357 313 2409 liquescentes
334 2358 384 2396 sicut
398 2358 437 2397 nrel
450 2359 487 2398 fevi
500 2359 519 2396 in
533 2357 613 2396 flamma.
642 2355 702 2395 Terra
716 2356 802 2395 submer-

70 2425 133 2471 getur,
149 2429 168 2465 et
183 2424 257 2470 omnia,
273 2434 321 2475 quae
336 2424 355 2463 in
370 2436 393 2463 ea
407 2429 456 2470 sunt,
470 2424 569 2475 peribunt,
585 2424 617 2464 ubi
630 2423 724 2474 judicium
738 2424 801 2465 veniet

70 2499 126 2540 super
142 2504 220 2538 ornnes,
240 2492 356 2543 quinetiam
371 2504 428 2543 super
442 2504 510 2532 omnes
522 2491 597 2543 justos:
632 2524 634 2527 .

123 2558 143 2606 i)
158 2560 199 2604 Sed
212 2560 241 2600 his
257 2559 308 2614 dabit
321 2571 400 2610 paoem,
418 2559 538 2602 conservabit
552 2557 632 2608 eleetos,
649 2567 667 2603 et
682 2560 802 2601 elernentiarn

69 2617 92 2658 iis
107 2623 207 2667 exhibebit.
499 2641 500 2644 ¹

123 2691 143 2739 S)
157 2692 212 2734 Tune
234 2704 301 2734 ornnes
320 2690 357 2735 Dei
376 2700 443 2741 erunt,
468 2701 522 2736 erunt
543 2697 593 2736 beati
614 2700 633 2735 et
652 2692 760 2739 benedieti3
784 2698 802 2733 et
852 2743 853 2747 Ἰ

69 2755 158 2802 splendor
173 2762 241 2811 eapitis
256 2761 363 2818 divitrieos
378 2762 484 2803 illustrabit.
