1758 3137
270 178 296 213 Iat.
310 178 438 212 missarum
451 177 541 214 Lurccuce-
746 183 773 220 43

44 298 177 336 trecentos
198 295 311 344 trigInta
328 293 389 332 duos
411 284 452 333 dies
473 292 566 332 Dominus
584 293 648 333 veniet
667 305 711 332 cum
733 294 773 332 suis

44 362 125 413 angelis,
141 372 223 413 cumque
236 361 361 412 potestatibus
377 363 453 407 sanctis,
470 373 480 400 e
496 361 577 412 septimo
592 361 655 406 coeIo,
670 360 773 411 splendore

44 429 119 481 septimi
137 430 197 475 coeli,
219 434 239 469 et
257 431 317 470 trahet
335 429 429 470 BeriaIem
449 429 606 476 inuehentem,
626 442 648 469 ac
663 429 704 479 ejus
720 435 775 481 pote-

45 491 138 540 states.“¹
166 497 189 537 m
200 484 278 537 rursus:
301 496 369 543 „Tunc
383 510 419 538 von
433 497 504 537 Dilecti
518 497 624 547 increpabit
637 488 728 537 iracunde
736 499 774 536 hoo
821 515 823 521 =

44 565 120 607 coelum
135 567 154 603 et
168 563 238 603 aridam
252 569 332 609 terram,
353 568 372 603 et
385 569 461 604 montes
476 568 496 603 et
510 563 582 609 colles,
604 568 623 604 et
636 565 694 604 urbes
709 568 729 604 et
743 565 775 604 de-

45 637 107 678 serta,
127 636 146 672 et
164 633 315 683 septentrionem
329 636 349 671 et
363 634 450 685 angelum
465 633 522 678 solis,
541 637 561 673 et
578 633 652 678 lunam,
673 638 692 672 et
706 634 774 678 omnia,

44 703 76 742 ubi
90 701 152 742 Berial
166 702 273 752 apparuerit
287 705 344 753 atque
358 701 479 741 manifestum
495 714 516 741 se
530 701 598 741 iecerit
610 703 631 741 in
644 703 681 741 hoc
697 701 774 741 mundo.

43 771 67 810 m
85 770 239 823 resurrectio
258 770 307 809 erit
324 768 499 820 judiciumque
513 770 656 809 interillos
670 770 773 808 inistis

45 836 142 882 diebus;
162 840 181 875 et
194 835 280 875 Dilectus
296 835 376 881 efficiet,
397 840 418 874 ut
432 835 537 887 descendat
550 835 599 886 ignis
616 835 706 886 abipso,
722 846 776 874 con-

45 909 177 954 sumatque
192 916 278 943 omncs
293 888 582 950 scelestos‚'ete1·unt‚
597 909 714 955 tanquam
727 916 775 943 nou

44 972 94 1011 fuis
101 984 110 1010 s
118 985 129 1012 e
136 977 161 1011 nt
176 973 265 1012 creati.
270 975 279 992 “
287 967 295 987 ²
324 972 345 1012 Si
355 972 403 1011 Iiber
410 976 477 1011 noster
485 976 529 1023 post
535 976 638 1018 trecentos,
646 973 722 1024 triginta
728 971 777 1011 duos

45 1038 98 1087 dics,
118 1041 150 1091 qui
168 1041 249 1080 Neronis
269 1041 341 1080 obitum
361 1040 500 1092 sequebantur,
525 1041 606 1091 scriptus
627 1044 688 1086 essct,
711 1044 778 1080 auctor

46 1106 86 1157 ejus
102 1112 154 1147 certe
168 1120 206 1147 non
221 1113 259 1148 tam
274 1107 368 1149 absurdus
381 1108 460 1153 fuisset,
480 1112 500 1146 ut
514 1109 651 1148 resurrectioni
663 1120 685 1148 ac
697 1108 777 1158 judicio,

47 1187 90 1215 cum
110 1175 148 1215 fme
169 1176 241 1223 rnundi,
260 1182 335 1227 tempus
356 1177 469 1217 decerneret
484 1176 524 1227 J'am
544 1177 650 1227 elapsumt
670 1176 709 1216 Sed
724 1188 780 1228 quam
813 1167 814 1170 ¹

47 1244 128 1282 maxime
142 1255 255 1293 persuasum
269 1244 353 1289 babens,
374 1245 478 1283 Dominum
492 1257 513 1284 re
527 1256 572 1284 vera
585 1246 713 1295 propinquum
728 1256 778 1289 esse,

47 1310 149 1361 praecipue
173 1300 217 1361 post
243 1314 321 1350 eruenta
349 1313 512 1351 atrocissimorum
544 1317 693 1355 tormentorum,
731 1323 779 1361 quae

46 1379 88 1427 ipse
103 1381 191 1427 expertus
206 1382 255 1423 erat,
276 1378 395 1423 discrimina,
410 1389 469 1416 ausus
484 1382 523 1422 est,
544 1381 564 1416 ut
573 1376 647 1415 instans
666 1376 779 1427 praedicere

48 1443 118 1483 Christi
132 1443 262 1492 adjudicium
276 1444 386 1490 adrentum3
401 1449 420 1483 at
434 1444 511 1483 omnino
526 1445 592 1494 nequit
607 1443 703 1489 contendi,
719 1443 779 1489 illum,

48 1523 84 1561 qua
106 1515 146 1549 erat
164 1510 276 1557 sobrietate,
301 1511 386 1550 omnium
405 1523 469 1550 rerum
488 1511 675 1552 consummationem
695 1512 781 1561 tempori

48 1578 112 1628 elapso
121 1578 205 1618 tribuere
215 1580 306 1629 potuisse.
336 1578 406 1625 Quare,
417 1580 433 1618 si
443 1580 590 1629 propositiones,
606 1591 629 1617 ex
640 1579 707 1628 quibus
718 1579 777 1629 argui,

48 1658 103 1702 verae
114 1652 166 1693 sunt,
181 1648 285 1687 necesaria
293 1648 388 1699 sequitur,
404 1646 473 1687 librum
483 1647 611 1698 cornpositum
623 1659 668 1687 esse
677 1646 713 1686 sub
723 1644 781 1685 finem

48 1704 92 1752 anni
106 1713 179 1754 LXVIII
193 1726 228 1753 seu
242 1715 296 1754 initio
312 1716 356 1770 anni
369 1714 434 1754 Lxlx.

105 1781 152 1820 Cum
165 1782 245 1822 forsitan
258 1783 305 1822 nibil
320 1784 407 1828 omnino,
423 1782 475 1833 quod
489 1782 512 1821 ad
523 1782 645 1822 christianum
661 1795 709 1834 opus
718 1788 781 1826 tantae

51 1849 165 1899 antiquitatis
179 1852 283 1900 pertineat,
298 1851 369 1890 nullius
384 1851 409 1889 sit
423 1850 520 1896 momenti,
536 1861 546 1889 a
562 1849 694 1901 disquisitione
709 1854 781 1899 aetatis,

51 1926 88 1966 qua
102 1915 194 1966 scriptum
209 1920 248 1963 est,
263 1916 376 1968 progredior
391 1916 414 1955 ad
427 1917 517 1966 patriam,
541 1926 589 1965 quae
605 1918 677 1956 auctori
691 1917 733 1966 eJ'us
748 1920 781 1958 tri-

2 2037 3 2040 *
51 1982 127 2022 buenda
137 1984 230 2025 videatur.
253 1985 374 2025 ¹Conversum
389 1984 482 2025 Iudaeum
491 1983 562 2029 fuisse,
581 1984 670 2024 universa
683 1985 726 2025 Iibri
741 1999 784 2037 spe-

51 2053 92 2093 cies
111 2057 197 2094 testatur.
234 2054 319 2095 Narratio
335 2055 358 2094 de
372 2055 430 2100 lsaia,
451 2054 541 2093 Manasse
554 2053 610 2104 jussu
625 2066 677 2094 serra
691 2054 783 2101 dissecto,

3 2152 5 2155 s
51 2124 72 2159 ut
84 2120 124 2171 jam
143 2132 199 2173 supra
215 2123 316 2174 explicari,
338 2124 403 2163 nititur
419 2122 497 2160 Iudaica
516 2123 627 2161 traditione:
655 2124 712 2162 etiam
729 2135 784 2162 accu-

51 2192 103 2227 ratus
116 2200 208 2229 numerus
223 2195 297 2242 septem
312 2190 421 2235 coelorum,
442 2203 477 2241 per
491 2202 573 2240 quornm
589 2191 676 2242 singulos
691 2192 784 2241 propbeta

51 2256 138 2297 ascendIt
152 2260 220 2310 angelo
236 2259 295 2306 dirce,
311 2271 355 2299 cum
369 2259 449 2298 Iudaica
463 2259 589 2310 persuasione
602 2259 678 2309 penitus
689 2259 784 2299 conuenit.

51 2328 94 2375 Ipse
113 2326 164 2364 enim
183 2326 252 2365 Paulus
275 2326 373 2376 apostolus
388 2327 415 2365 in
441 2326 517 2365 tertium
548 2326 624 2363 coelum
647 2326 717 2364 elatum
740 2337 785 2364 sese

54 2387 121 2435 dicit⁸
150 2392 191 2433 Sed
204 2393 303 2433 Rahbiuici
322 2394 426 2445 scriptores
440 2393 490 2432 hanc
502 2404 547 2431 rem
561 2392 669 2447 accuratius
683 2391 784 2432 illustrant.
830 2436 835 2440 „

53 2462 74 2499 In
96 2462 171 2512 antiqua
191 2460 306 2499 Iudaeorum
325 2461 482 2510 interpretatione
502 2460 627 2506 traditionali,
653 2472 702 2510 quae
721 2474 784 2511 nm,

55 2533 140 2576 vocatur,
156 2540 190 2569 seu
202 2529 350 2568 commentarius
363 2517 449 2581 magnus,
471 2527 590 2567 Schecbinae
601 2539 694 2566 ascensus
709 2538 720 2566 a
733 2532 785 2566 terra

55 2596 74 2634 in
97 2597 173 2636 coelum
193 2601 238 2646 post
256 2597 339 2640 hominis
364 2598 439 2647 lapsum
460 2597 488 2635 sic
510 2596 636 2636 describitur:
663 2611 727 2646 mm
744 2611 786 2660 ψῃ

52 2669 115 2728 aee
130 2679 193 2716 aaran
207 2669 287 2728 uptun:
306 2678 386 2729 riuum
400 2678 444 2717 aaa
459 2680 522 2715 anun
539 2679 578 2728 pe
601 2677 670 2713 ture-r
683 2677 788 2715 uentrem:

97 2813 114 2850 I)
133 2813 173 2857 Cap.
188 2815 215 2853 lv,
230 2811 255 2844 II,
289 2811 306 2851 2)
319 2811 359 2854 Cap.
369 2812 397 2853 IV,
411 2811 437 2848 18.
465 2812 484 2854 3)
497 2812 512 2845 2.
524 2811 560 2846 Cor.
574 2812 609 2852 XII,
623 2811 637 2845 2.
