1807 3145
118 176 165 221 ’420
383 170 412 211 'tte'
419 158 512 221 prepb'etiis
523 175 593 213 llerliui.

126 287 218 358 abtinebit
232 295 273 357 ipse
288 300 308 352 et
321 284 410 357 volueres
426 301 532 340 exterarum
542 292 643 351 'regionum
654 294 774 353 sustentabit,
787 300 853 357 patriis

121 363 229 405 volatilibus
249 376 324 406 nocuus
345 365 455 412 habebitur3
473 378 517 406 nam
536 364 605 408 timore
624 363 703 410 umbrae
724 371 766 421 eJ'us
780 372 853 412 liberos

121 424 196 475 uolatus
211 421 302 493 amittent.
332 433 429 474 Succedet
443 434 508 475 asinus
522 425 626 488 nequitiae
640 436 660 475 in
674 431 799 479 fabricatores
813 438 853 479 auri

120 498 186 551 velox,
204 503 243 544 sed
261 504 282 544 in
298 503 387 556 luporum
401 504 525 555 rapacitatem
539 505 599 556 piger.
628 497 649 545 ln
664 502 731 547 diebus
746 508 784 548 illis
799 508 853 549 arde·

120 571 168 614 bunt
182 560 265 632 quereus
279 560 315 623 per
328 583 418 619 nemora,
440 577 460 613 st
478 574 498 612 iu
517 573 574 613 ramis
588 572 670 615 tiliarum
684 570 788 618 nascentur
801 577 853 630 glan-

121 639 162 680 des.
177 640 279 681 Sabrinam
292 650 345 697 mare
359 650 394 690 per
408 643 482 691 septem
497 642 546 681 ostia
560 640 660 688 discurret,
676 639 777 685 et'iluuius
788 642 852 692 Oscae

119 721 155 761 per
168 714 243 762 septem
257 719 335 750 menses
349 706 436 751 terrebit.
464 707 532 750 Pisces
550 708 602 750 illius
617 703 681 751 ualere
696 711 817 761 nmrieutar,'
834 716 853 754 at

120 789 143 818 eu
157 778 194 818 illis
208 778 360 831 procreabuntur
374 781 480 829 serpentes.
509 774 613 830 Frigebunt
632 780 715 821 Badeuis
733 779 812 829 balnea,
833 787 853 822 et

119 845 207 885 salubres
227 833 288 897 aquae
308 856 376 884 eorrtm
395 849 478 884 mortem
497 846 621 896 generabunt.
663 845 852 890 Londonia'n'ecem

118 906 185 965 viginti
199 914 279 954 millium
293 913 376 965 lugebit,
398 918 417 952 et
431 912 533 954 Tamensis
547 912 616 955 fluvius
630 915 650 954 in
665 915 777 968 sanguinem
791 919 852 957 muta·

117 980 176 1024 bitur.
205 982 300 1021 Cucullati
314 980 338 1022 ad
351 981 428 1033 nuptias
442 976 607 1034 procreabuntur,
627 988 646 1024 et
660 984 733 1024 elamor
747 981 818 1025 ‘eorum
831 985 851 1024 in

118 1050 216 1093 montibus
230 1049 428 1108 Alpium-audieturf‘
680 1047 681 1050 ’
707 1047 708 1052 ’
843 1052 846 1055 ’

276 1331 310 1369 uu
331 1305 492 1369 satureum
505 1313 686 1369 ‘varietatum

174 1466 236 1515 „Tres
256 1465 319 1506 fontes
339 1466 359 1505 in
380 1464 427 1506 urbe
443 1464 550 1515 Guyntouia
571 1468 681 1517 erarmpent,
697 1458 777 1517 quorum
793 1464 849 1507 rituli

115 1536 199 1576 insulam
212 1538 232 1576 iu
247 1541 285 1576 tres
299 1535 399 1585 portiones
414 1534 511 1589 secabunt,
541 1533 579 1582 Qut
593 1533 662 1574 biberit
674 1533 698 1575 tle
712 1547 759 1582 atrro,
776 1533 847 1575 diutur-

115 1605 166 1646 niori
186 1605 223 1647 rita
243 1605 326 1649 fruetur,
347 1614 383 1641 nec
402 1600 543 1653 supervenienti
562 1600 655 1652 languere
674 1602 793 1653 gravabitur;
814 1602 846 1653 qui

118 1673 171 1713 bibet
185 1672 209 1713 de
224 1673 290 1716 altere,
304 1671 422 1711 indeficienti
435 1671 485 1711 fame
499 1670 573 1722 peribit,
585 1675 607 1727 *at
620 1672 640 1710 iu
653 1673 702 1712 faeie
712 1673 771 1724 ipsius
785 1671 847 1724 pallur

116 1746 135 1783 et
149 1743 218 1783 horror
233 1740 316 1787 sedenim
331 1740 363 1793 qui
377 1739 431 1780 bibet
445 1739 469 1780 de
479 1740 540 1786 tertie,
556 1740 618 1780 subita
630 1745 692 1780 morte
701 1739 845 1793 periclitabitur,

114 1821 152 1849 nee
167 1820 238 1860 corpus
252 1809 312 1859 ipsius
327 1808 392 1848 subire
406 1809 476 1859 poterit
491 1808 619 1858 sepulchrum.
648 1808 728 1848 Tantam
742 1810 846 1861 ingluviem

113 1879 173 1918 citare
187 1877 274 1919 volentes
290 1876 370 1917 diversis
384 1876 499 1928 tegumentis
510 1887 552 1916 eam
564 1875 661 1916 occultare
671 1876 760 1917 nitentur.
783 1870 846 1924 Quae·

114 1957 196 1999 eumque
215 1958 261 2000 ergp
275 1944 338 1985 moles
352 1943 473 1995 superposita
486 1943 553 1997 luerit,
568 1944 648 1985 formam
663 1941 741 1986 alterius
756 1945 845 1997 corperis

113 2015 204 2065 recipiet3
220 2020 271 2053 terra
285 2024 368 2063 namque
382 2012 402 2052 iu
416 2011 502 2062 lapides,
517 2010 590 2066 lapides
604 2012 624 2052 iu
638 2011 700 2065 ligna,
720 2013 771 2065 ligna
785 2012 809 2053 in'
819 2014 845 2055 ci-

112 2094 181 2130 neres,
197 2083 245 2121 cinis
259 2081 279 2120 iu
294 2093 372 2133 aquam,
388 2079 404 2119 si
418 2078 526 2132 superjecta
540 2079 619 2127 interint,
635 2083 738 2122 vertentur.
752 2079 782 2121 lt
795 2077 844 2122 haec

80 2152 84 2157 “
114 2160 137 2188 er
150 2152 198 2189 urbe
212 2149 280 2190 Canuti
292 2146 393 2191 nemeris¹
411 2148 538 2190 eliminabitur
551 2149 624 2201 puella,
643 2154 664 2190 ut
678 2150 765 2190 medelae
780 2153 845 2189 cumin

113 2217 213 2266 adhibeat,
234 2229 281 2270 quae
299 2222 320 2257 ut
339 2229 406 2257 omnes
421 2221 472 2257 artes
485 2216 559 2264 inierit,
575 2217 618 2256 sule
633 2217 716 2257 anhelitu
731 2206 771 2257 sue*
780 2217 844 2258 tontes

112 2299 188 2326 rtoeues
209 2286 299 2330 siccabit,
324 2289 343 2324 et
366 2284 434 2324 exinde
454 2289 479 2335 *ut
499 2295 545 2324 sese
563 2285 635 2324 salubri
653 2285 727 2335 liquore
748 2286 843 2333 refecerit,

113 2355 195 2407 gestabit
209 2356 229 2395 in
243 2353 320 2394 dextera
335 2363 369 2393 sua
383 2362 452 2392 nemus
467 2350 575 2398 datdonis,
596 2350 616 2389 in
631 2350 706 2391 sinistra
720 2363 766 2392 vero
781 2346 844 2393 muru-

113 2434 156 2464 rum
167 2423 278 2464 Londoniae
296 2421 446 2474 propugnacula.
475 2420 595 2471 Quacumque
608 2418 696 2468 incedet,
716 2431 784 2472 passus
805 2409 844 2462 sul-

112 2495 197 2546 pbureos
211 2492 278 2536 faciet.
298 2490 330 2543 qui
350 2489 420 2542 duplici
434 2488 511 2530 flamma
524 2487 629 2528 fumabunt.
657 2488 728 2548 Funus
746 2489 779 2530 ille
794 2481 844 2531 erei-

112 2560 160 2600 tabit
173 2561 271 2605 Rutenos,
286 2563 306 2598 et
320 2559 384 2598 cibum
399 2559 435 2598 sub
450 2559 528 2609 marinis
544 2557 638 2598 conficiet.
661 2558 771 2610 Lacbrprnis
786 2561 844 2601 mise-

111 2630 177 2672 randis
191 2627 274 2670 manabit
287 2627 341 2681 ipsa‚
357 2631 376 2668 et
390 2627 474 2668 elamore
489 2626 567 2667 horride
581 2625 662 2679 replebit
675 2625 764 2666 insulam.
783 2627 843 2669 luter·

111 2699 165 2741 ficiet
189 2709 232 2740 earn
256 2709 323 2739 cervus
347 2697 417 2738 «lenem
440 2708 552 2743 rainerum,
577 2707 657 2748 querum
682 2701 763 2750 quatuor
786 2708 842 2738 aurea

109 2790 250 2800 .—--—-—-··

157 2837 176 2881 1)
188 2836 239 2873 Deest
250 2838 373 2881 vernemetis
384 2836 439 2871 titis.
451 2822 585 2882 quibusdam.
