1807 3145
118 151 157 187 226
298 168 300 171 .
423 145 485 177 Enoolri
496 143 541 176 liber.

173 254 195 299 5)
210 251 224 290 ll
240 248 324 289 secunda
338 253 402 298 porta,
419 260 466 298 quae
481 248 544 288 media
559 253 598 294 esl3
615 252 700 300 aequitas
716 251 758 290 exit.
772 249 799 289 Ex
812 251 846 291 hoc

119 320 181 371 prodit
194 317 263 368 plrrria,
278 316 369 361 fertilitas,
385 316 485 354 salubritas
501 320 520 354 et
532 329 570 362 ros,
586 321 604 355 el
619 329 629 355 e
644 318 699 357 tertia
712 322 766 368 porta
780 328 847 358 versus

120 386 270 438 septentrionem
283 385 342 435 frigus
357 384 395 422 erit
409 388 428 422 et
442 383 525 432 ariditas.

174 453 196 500 6)
211 452 235 490 Et
248 456 292 501 post
305 451 348 496 hos,
363 451 403 489 noti
418 455 487 489 exeunt
501 462 536 499 per
549 455 588 489 tres
600 451 715 501 principales
727 455 792 500 portas
797 461 802 494 ;
816 461 849 500 per

121 520 203 571 primam
214 531 290 565 earnm,
306 530 353 569 quac
364 529 431 559 versus
445 517 538 557 orientem
549 517 633 564 inclinat,
646 522 713 558 ventus
725 519 797 558 calidus
808 520 849 560 exit.

175 587 198 633 7)
214 585 262 641 Sed
275 597 285 624 e
299 584 362 624 inedia
377 588 431 635 porta
444 583 540 633 jucundus
559 584 607 623 odor
620 585 693 636 prodit,
716 597 760 632 ros,
782 585 849 636 plun‘a,

122 655 173 695 salus
188 657 208 692 et
221 654 264 694 rita.
402 655 408 662 ‘

176 723 197 767 S)
212 720 227 757 E
242 721 296 757 tertia
311 722 365 767 porta
379 729 446 756 versus
462 719 582 757 occidentem
596 719 637 763 sna,
653 730 684 756 ros
698 719 767 768 prodit,
782 719 849 769 pluvia,

120 788 222 840 rubigoet
235 784 336 836 pernicies.

121 877 122 881 =
177 858 199 903 a)
214 854 310 902 Deinceps
330 852 429 902 aquilones
451 854 525 900 [uersus
541 853 701 903 septentrionem,
727 854 759 904 qni
773 859 851 893 vocatur

122 920 199 973 pontus]
216 932 226 959 e
242 919 302 959 trihus
316 919 382 968 portis.
410 919 424 957 E
440 920 520 969 septima
533 924 597 969 porta,
613 931 661 970 quae
673 920 725 971 juxta
740 932 787 966 earn,
804 932 851 971 quae

123 1001 190 1030 versus
205 987 305 1025 meridiem
320 986 407 1031 inclinat,
428 986 465 1025 erit
478 998 522 1032 ros,
543 987 615 1037 pluvia,
634 988 702 1039 rubigo
717 993 736 1027 et
750 988 861 1038 pernicies

121 1056 214 1094 Emedia
228 1066 250 1092 ac
266 1054 338 1091 directe
352 1059 407 1103 porta
421 1054 484 1103 pluvia
498 1055 546 1098 exit,
568 1066 614 1099 ros,
630 1056 670 1094 'rita
685 1059 704 1093 et
718 1056 775 1094 salus.
803 1055 851 1093 Ete

123 1125 178 1163 tertia
196 1127 261 1173 porta,
288 1133 335 1171 qnae
356 1133 423 1160 versus
447 1121 566 1162 occidentem
586 1126 627 1167 est,
658 1122 682 1161 ad
702 1123 851 1174 septentrionem

121 1192 227 1235 inclinans,
243 1190 312 1228 nehnla
327 1189 372 1235 erit,
387 1189 469 1241 glacies,
485 1190 527 1236 nir,
545 1190 617 1241 pluvia,
633 1200 665 1229 ros
681 1194 700 1229 et
712 1191 786 1243 rubigo.

143 1257 144 1261 ’
166 1260 200 1306 tu)
215 1257 289 1297 Deinde
306 1257 340 1307 [n]
356 1262 420 1307 quarta
434 1256 527 1310 [regione]
538 1257 590 1297 venti
600 1257 729 1298 occidentales
740 1262 851 1310 sequuntur.

121 1329 136 1366 E
151 1327 211 1376 prima
224 1329 288 1373 porta,
304 1335 371 1363 versus
387 1325 537 1372 septentrionem
551 1322 663 1369 inclinante,
678 1337 711 1363 ros
726 1327 768 1371 erit,
783 1324 850 1375 pluvia,

122 1395 204 1445 glacies,
223 1392 294 1442 frigus,
314 1391 345 1429 nir
360 1396 380 1431 et
394 1391 449 1441 gelu,
470 1391 555 1430 emedia
569 1394 624 1442 porta
638 1392 701 1442 pluvia
716 1392 763 1438 enit,
778 1395 798 1431 et
811 1402 850 1436 ros,

123 1463 174 1500 salus
189 1464 208 1499 et
223 1459 282 1509 copia.
808 1502 810 1511 ,

167 1530 202 1577 11)
217 1529 240 1568 Et
254 1539 277 1567 ex
290 1527 355 1566 ultima
369 1530 433 1577 porta,
456 1538 503 1578 quae
518 1539 585 1567 versus
600 1526 700 1567 meridiem
715 1531 753 1571 est,
776 1525 851 1566 ariditas

123 1600 169 1645 erit,
185 1597 270 1643 eversio,
286 1597 363 1636 siccitas
379 1599 398 1634 et
411 1597 512 1645 pernicies¹

165 1667 202 1714 1⁶2)
218 1661 339 1716 [Descriptio]
355 1662 457 1701 duodecim
470 1668 576 1714 portarum,
602 1673 649 1713 quae
671 1662 694 1702 ad
709 1666 788 1713 quatuor
803 1664 853 1701 coeli

117 1734 187 1785 plagas
202 1732 306 1782 pertinent,
324 1729 375 1768 finita
390 1733 425 1767 est.
742 1718 743 1721 ¹

168 1800 202 1845 13)
218 1797 290 1836 Omnes
305 1807 370 1835 earum
384 1796 444 1846 leges,
460 1807 536 1835 omnem
546 1806 611 1835 earum
621 1806 695 1845 poenae
707 1794 851 1844 [inflictioncml

125 1869 144 1904 et
159 1864 249 1909 salutern,
270 1862 361 1913 explicavi
375 1861 419 1907 tibi,
439 1862 464 1901 mi
479 1861 505 1901 tili
520 1861 632 1903 lllatlrusala.

409 2019 469 2058 eir.
491 1992 594 2059 Lxxrrf

182 2123 202 2169 1)
218 2120 291 2159 Primus
307 2125 374 2160 ventus
389 2120 486 2160 orientalis
500 2125 587 2166 vocatur,
609 2121 652 2171 quia
666 2121 739 2172 primus
754 2124 788 2160 est.

180 2191 203 2236 2)
219 2188 319 2227 Secundus
334 2193 413 2228 vocatur
426 2188 555 2232 meridianus,
581 2188 623 2237 quia
641 2187 668 2226 ibi
681 2187 791 2226 Altissimns
812 2187 854 2226 des-

125 2256 201 2300 cendit,
227 2260 246 2294 et
268 2256 379 2305 frequenter
397 2254 424 2293 ibi
445 2253 556 2299 descendit,
582 2252 629 2304 [qui]
649 2253 762 2293 benedictus
785 2258 814 2292 est
835 2254 854 2291 in

125 2329 228 2365 aeternum.
645 2366 646 2370 Ἰ

182 2391 205 2448 3)
219 2400 292 2441 Ventus
312 2400 437 2438 occidentalis
457 2410 528 2437 nornen
550 2400 599 2450 gerit
620 2398 740 2443 minutionis,
766 2398 809 2447 quia
829 2398 855 2436 ibi

126 2466 189 2505 omnia
204 2465 254 2504 coeli
267 2465 366 2504 luminaria
380 2466 500 2509 minuuntur,
523 2469 543 2504 ct
557 2464 681 2505 descendunt,

181 2544 204 2591 4)
220 2542 302 2590 Quartus
316 2549 393 2590 ventus,
410 2537 442 2595 qui
456 2548 534 2585 vocatur
549 2543 709 2595 septentrionalis,
724 2544 743 2582 in
757 2548 796 2583 tres
811 2543 856 2583 divi-

128 2623 161 2650 sus
176 2615 206 2650 est
220 2617 290 2660 partes,
306 2621 383 2658 quarum
398 2622 435 2649 una
448 2611 531 2649 hominis
548 2616 578 2649 est
590 2611 708 2655 habitationi,
724 2610 782 2649 altera
797 2621 856 2660 aquae

127 2678 213 2722 lacubus,
227 2674 315 2720 vallibus,
332 2676 390 2721 silvis,
405 2677 455 2721 rivis,
470 2676 518 2713 locis
531 2675 627 2713 umbrosis
643 2681 663 2716 et
673 2675 754 2721 nivibus,
770 2680 788 2715 et
801 2676 855 2716 tertia

126 2754 169 2795 pars
186 2741 220 2791 lin]
236 2740 329 2792 paradiso.
