1807 3145
115 171 156 211 344
404 167 429 203 De
439 171 492 202 morte
502 165 557 201 llosia.

115 281 604 345 11101011011111100101010,1001011110010101011111,
625 285 726 337 abeoquo
748 285 775 326 uti
789 282 846 327 vitam

116 350 223 403 longiorem
237 344 351 404 impetraret,
365 352 429 404 petiit:
443 350 519 395 frustra,
534 351 634 404 respondit
647 353 686 400 ille,
701 354 739 392 hoo
753 354 844 405 postulas,

116 431 155 457 non
170 432 206 470 ego
220 426 240 461 te
255 421 301 459 olim
311 421 372 460 vdocui
389 420 461 459 irritam
479 421 516 458 hoo
535 432 582 459 casu
600 421 641 459 lore
657 423 765 461 orationem
779 421 846 460 tuam?

117 487 171 526 Tunc
185 488 252 529 Moses
272 488 367 539 impositis
388 488 494 539 lugentium
514 487 537 527 de
552 499 606 530 more
621 489 677 540 capiti
691 483 792 539 manibus,
812 499 846 528 rae

117 554 175 595 mihi!
190 556 221 602 ait,
237 553 260 594 ad
275 567 332 606 quem
346 556 384 602 ibo,
400 557 432 606 qui
446 554 598 595 misericordiam
611 555 705 607 impetret.
741 555 812 613 Scribit
824 555 846 594 R.

118 621 219 662 Sohimlai:
240 622 276 662 hae
296 623 343 662 hora
356 624 419 663 Deum
438 623 494 664 valde
507 623 540 663 illi
551 624 694 671 succensuisse,
714 635 776 675 usque
791 622 847 662 dixit:

117 689 144 728 Et
157 688 274 730 transivit
292 692 409 730 Dominus
429 696 485 730 ante
504 692 592 730 faeiem
614 691 677 741 ejus,
699 695 722 731 et
741 689 846 735 vocavit,

117 756 230 806 Domine,
250 758 358 798 Domine.
393 758 467 799 Eodem
486 759 520 798 illo
536 754 640 800 'momento
663 759 746 800 cessarit
766 759 847 811 Spiritus

119 823 212 873 Sanctus,
228 831 247 866 et
260 827 330 869 Mosen
343 824 401 868 Deus>
410 828 438 867 sio
454 828 587 879 compellavit:
607 829 648 881 Ego
668 827 706 867 duo
718 827 795 878 jurasse
809 838 848 866 me·
875 861 878 863 .

118 894 170 940 mini,
185 899 267 935 mortem
281 901 342 943 tuam,
358 901 378 936 et
391 895 467 936 Israelis
481 898 645 943 internecionem,
660 902 761 948 utrumque
775 896 848 936 irritare

118 963 223 1010 nonlicet,
239 965 255 1003 si
269 964 333 1005 vivere
347 966 382 1009 vis,
397 965 466 1014 peribit
479 965 545 1004 lsrael.
566 966 616 1006 Mos.
631 962 719 1010 Domine,
734 966 783 1004 haec
796 954 849 1003 fraus

119 1032 160 1076 001,
174 1028 273 1070 tutonem
288 1030 310 1071 ab
324 1035 403 1084 utraque
417 1035 471 1084 parte
485 1032 569 1078 retines,
584 1037 651 1084 pereat
664 1032 742 1079 Moses,
757 1031 849 1082 milleque

120 1102 220 1150 antequam
237 1099 268 1139 rel
286 1111 323 1139 una
343 1099 366 1140 de
380 1101 439 1140 lsrael
456 1101 518 1140 anima
532 1100 613 1141 tollatur.
642 1102 677 1141 De.
692 1101 718 1141 Ut
733 1099 779 1153 quid
792 1100 850 1152 igitur

120 1165 189 1207 doles?
217 1167 267 1210 ltllos.
281 1168 362 1220 Propter
377 1168 472 1219 Angelum
488 1169 561 1209 mortis.
589 1170 625 1209 ue,
639 1170 680 1221 Ego
700 1169 741 1220 eius
761 1168 850 1221 potestati

119 1234 283 1275 renouandam
311 1236 361 1277 Mos.
376 1235 463 1275 Jocehed
482 1235 530 1274 duos
548 1234 588 1285 J'am
604 1236 681 1281 extulit,
703 1239 725 1275 01
739 1235 785 1287 quid
799 1235 850 1286 tertii

119 1305 201 1340 mortem
215 1300 298 1347 ridebit,
319 1306 359 1340 tres
374 1302 393 1340 in
408 1314 457 1341 anno
469 1302 582 1341 morientur.
614 1303 642 1341 Et
662 1306 713 1342 tres
734 1307 851 1354 pastores

48 1377 50 1382 ‘
121 1367 208 1409 delebo
223 1371 343 1410 inmense
358 1382 412 1410 uno.
440 1372 529 1412 Anvero
544 1383 584 1410 non
599 1383 648 1411 anno
664 1371 743 1418 eodem,
763 1363 857 1411 sednon

120 1438 189 1477 eodem
203 1450 271 1478 mense
285 1440 355 1479 mortui
369 1444 418 1486 sunt,
434 1451 478 1478 oum
493 1439 539 1478 obiit
552 1439 612 1480 Maria
627 1441 710 1479 cessavit
723 1444 797 1490 puteus,
816 1438 851 1478 sed

120 1505 233 1559 ingratiam
247 1506 309 1548 blosis
323 1507 384 1548 rediit.
412 1508 466 1547 Patet
480 1519 503 1547 er
517 1507 550 1547 illo
564 1507 620 1547 loeo:
634 1507 700 1560 §pappa
715 1522 780 1558 aarum
800 1506 852 1548 llor-

120 1578 153 1611 tuo
167 1575 244 1613 Aarone
258 1575 319 1612 nubes
339 1574 424 1623 gloriae,
445 1585 493 1623 quae
511 1585 555 1612 cum
575 1576 664 1614 columna
682 1575 740 1629 nubis
760 1574 852 1624 populum

121 1637 209 1688 ducebat,
225 1641 312 1681 evanuit:
329 1641 357 1682 Et
375 1641 436 1682 vidit
455 1642 532 1682 omnis
552 1643 675 1693 populus.¹
693 1643 736 1682 Non
750 1640 853 1692 legendum

121 1714 152 1749 est
161 1725 207 1761 pap
220 1710 340 1757 viderunt,
355 1711 390 1751 sed
404 1711 459 1763 qp-p,
474 1712 551 1750 mutatis
562 1711 645 1762 punctis,
659 1711 800 1755 timuerunt,
816 1710 853 1748 sci·

121 1775 168 1817 lioet
180 1782 260 1830 propter
274 1778 380 1819 absentiam
393 1778 484 1824 nubium,
506 1777 541 1817 sed
559 1777 607 1818 illae·
623 1778 691 1818 iterum
705 1776 776 1828 populo
790 1776 852 1818 blosis
885 1786 886 1791 ¹

121 1844 212 1894 precibus
227 1846 312 1886 redditae
327 1850 376 1885 sunt.
408 1846 433 1885 At
452 1845 510 1885 Mose
530 1849 607 1884 mortuo
629 1848 729 1885 cessarunt
746 1844 797 1884 -haee
818 1845 853 1885 tria

122 1912 190 1953 simul:
205 1917 274 1966 puteus
289 1925 393 1965 aquarum,
414 1912 487 1964 gloriae
501 1912 576 1959 nubes,
597 1916 617 1953 et
630 1924 711 1959 ruanna,
732 1911 759 1952 ita
772 1915 812 1951 tres
825 1911 854 1951 illi

120 1980 167 2031 justi
182 1982 251 2022 eodem
266 1981 343 2033 quidem
359 1993 408 2021 anno
422 1981 526 2032 perierunt,
542 1980 577 2021 sed
590 1984 654 2021 tamen
666 1984 783 2033 reputantur,
799 1979 854 2031 quasi

123 2049 193 2086 eodem
207 2060 275 2087 mense
289 2050 403 2099 periissent,
422 2049 506 2099 ideoque
526 2049 591 2087 matris
612 2059 670 2087 causa
690 2048 768 2088 dolebat
781 2047 853 2088 Moses.

122 2115 157 2155 De
171 2115 208 2156 Hie
223 2127 286 2157 rerum
301 2120 332 2156 est
346 2115 404 2162 ordo,
427 2116 507 2168 siugulis
527 2114 682 2168 generationibus
698 2115 796 2156 constituti
810 2117 855 2155 sunt

124 2184 194 2231 duces,
215 2187 253 2224 huo
273 2197 335 2235 usque
354 2186 448 2236 imperare
468 2185 560 2230 debuisti,
582 2197 647 2225 rerum
668 2197 743 2225 summa
757 2183 815 2223 modo
831 2181 855 2221 ad

123 2252 506 2305 10000[110010010010010110101111111.
534 2253 584 2294 11100.
602 2254 696 2300 Domine,
717 2251 792 2305 quando
812 2251 854 2302 ejus

124 2333 181 2362 eausa
196 2335 232 2375 ego
247 2322 328 2368 morior,
344 2321 376 2359 ibo
391 2321 415 2359 ad
429 2332 473 2360 eum
487 2321 552 2371 illique
567 2320 672 2372 discipulus
687 2321 736 2361 fiam.
765 2324 801 2364 De.
816 2322 854 2362 Fac

124 2394 146 2428 ut
159 2389 217 2429 lubet.
232 2389 290 2440 Igitur
305 2400 379 2428 summo
394 2400 450 2428 10000
465 2388 488 2429 ad
502 2388 572 2428 Josuae
587 2393 660 2442 portam
676 2389 733 2430 stetit.
747 2390 782 2430 llle
792 2390 855 2443 legem

124 2458 290 2508 interpretabatur:
304 2458 371 2499 Moses
382 2462 476 2505 curvatus,
491 2458 601 2509 vultumque
613 2462 632 2498 et
641 2470 708 2499 manus
718 2463 781 2499 tectus
792 2457 856 2498 audie-

124 2527 162 2574 bat,
173 2528 221 2566 nihil
235 2526 288 2565 illum
302 2527 378 2567 ridente
393 2517 461 2573 losua,
472 2531 493 2567 ut
507 2539 528 2566 se
543 2527 600 2566 morti
615 2529 729 2579 accingeret.
757 2528 855 2568 lsra'elitae

125 2594 195 2634 1110000
216 2595 239 2635 de
260 2604 318 2633 mane
333 2598 458 2644 quaerentes,
479 2598 500 2634 ut
517 2594 581 2646 legem
601 2593 645 2634 illos
666 2593 751 2640 doceret,
773 2593 856 2633 eumad

125 2660 195 2701 Josuae
215 2667 290 2714 portam
310 2666 361 2701 stare
383 2661 469 2708 audiunt,
493 2661 629 2714 offenduntque
644 2666 737 2709 stantem,
760 2655 856 2702 acdosue

125 2731 235 2773 sedentem:
254 2732 305 2784 quod
324 2732 357 2772 ubi
370 2732 441 2773 Josuae
461 2731 580 2778 nuntiarunt,
600 2731 634 2771 ille
648 2732 711 2772 scissa
724 2735 789 2778 veste,
812 2742 856 2770 cum

125 2800 196 2851 ejulatu
220 2812 242 2842 ao
265 2801 379 2853 lachrymis,
401 2804 548 2852 praeceptorem
570 2804 645 2851 patrem
666 2798 770 2851 populique
795 2799 855 2852 decus
