1807 3145
116 205 156 242 als
201 219 203 222 ’
376 196 504 240 repropinata
515 194 586 235 dlerllni.

113 305 214 365 justitiae,‘
224 313 248 354 ad
263 312 318 365 cujus
332 312 415 365 rugitum
424 312 530 364 gallicanae
544 317 606 352 turres
621 310 736 353 et'iasirlani
750 311 843 355 dracones

114 387 202 423 trement.
230 382 333 426 ludiebus
352 382 389 421 illis
410 381 518 421 anrumue
532 381 572 419 lilio
589 386 608 420 ot
621 381 681 420 trition
696 380 843 433 extorquebitur,

116 455 135 491 et
149 455 248 502 argentum
264 462 286 490 err
300 450 380 502 ungulis·
391 450 515 500 mugientium
529 434 631 487 rnanaln't'
646 448 777 489 ‘Galarnisl'rati
793 450 845 491 varia

114 521 188 561 vellera·
203 521 296 565 vestient,
317 525 336 559 et
355 516 437 557 exterior
456 516 530 556 habitus
542 516 641 556 'interiora
660 515 755 569 signabit.
782 519 844 560 Pedes

114 586 222 628 latrantium
242 585 384 627 truncabuntur.
405 584 481 625 -‘Pac'ern
501 584 598 636 habebunt
616 584 679 632 ferae,
700 587 719 626 el
737 584 844 627 humanitas

115 657 229 707 supplicium
244 654 320 692 dolebit.
349 653 440 692 Findetur
453 653 649 699 formaeominercii,
665 653 765 705 dimidium
779 658 844 695 rotun-

115 722 160 762 dum
174 720 230 771 erit1
257 720 332 761 Peribit
342 721 448 761 rrrilvoruui
468 721 572 770 rapacitas,
594 725 613 759 ct
626 720 714 772 luporum
729 722 796 761 dentes
810 721 844 760 he-

114 789 233 839 betabuntur.
263 789 322 831 Gattrli
340 787 403 829 leonis
413 788 442 828 'in'
456 789 641 839 aequoreos'pisocs
655 789 844 835 transformabuntur,

115 862 135 898 et
154 859 216 910 aquila
235 858 277 909 ejus
297 868 354 908 super
375 861 463 896 montem·
479 857 564 895 aradium
583 856 693 897 nidificabit.
727 854 844 899 ‘V'euedocia

115 925 191 966 rubebit
204 932 293 965 materno
307 925 409 975 sanguine,
430 930 449 964 et
468 924 536 963 doinus
558 925 634 964 Corinei
652 937 686 965 serr
703 926 772 966 tratres
787 926 845 966 inter·

115 991 172 1033 liciet
200 993 303 1034 Nocturnis
324 993 426 1044 lachrymis
450 992 534 1033 madebit
556 993 631 1040 insula,
655 994 706 1033 unde
730 1006 797 1034 omues
821 992 845 1033 ad

116 1063 179 1101 carnia
193 1062 352 1113 provocabuntur.
381 1062 421 1103 Vae
435 1062 480 1108 tibi,
494 1063 592 1103 Naustria!
608 1063 651 1114 quia
667 1059 767 1102 cerebrum
781 1063 848 1120 leonisx

113 1132 167 1172 inte
182 1131 297 1177 effundetur,
315 1131 461 1182 dilaceratisque
479 1131 570 1173 membris
590 1143 600 1170 a
620 1130 681 1181 patrio
702 1125 845 1171 solnelnntna-

114 1200 171 1240 bitur.
200 1200 286 1240 Nitamur
300 1199 373 1250 posteri
387 1199 504 1239 transvolare
518 1210 611 1250 superna,
632 1196 667 1237 sed
685 1198 845 1239 lav01·.novornrn

115 1266 253 1325 sublimabitur
281 1265 363 1306 Noeebit
381 1266 488 1317 possidenti
509 1278 531 1306 en
545 1264 608 1318 impiis
628 1268 689 1318 pietas
710 1268 786 1315 donec,
800 1263 846 1308 'seso

115 1336 201 1388 genitore
215 1334 302 1374 induerit.
330 1335 376 1386 Apri
390 1334 447 1386 igilur
462 1334 550 1375 dentibus
565 1335 662 1374 accinctus
678 1330 777 1375 eacumina
790 1329 847 1375 monss

114 1405 162 1444 tium
183 1408 207 1450 et
221 1404 306 1443 umbram
327 1403 395 1454 galeati
413 1403 546 1450 transcendet,
568 1402 695 1455 indignabitur
713 1405 803 1452 Albania,
817 1398 844 1452 et,

116 1473 226 1514 convocatis
236 1471 393 1517 collateralibus,
409 1472 521 1524 sanguinem
536 1471 635 1511 effundere
649 1472 743 1513 vacatur
757 1481 758 1484 ’

169 1542 265 1591 ,Dabitur
283 1541 364 1582 maxillis
379 1539 422 1592 ejus
436 1541 511 1581 lrenum
526 1541 577 1593 quod
591 1546 609 1581 in
625 1543 719 1582 armorico
734 1542 777 1582 sinu
790 1540 845 1582 fabri-

117 1612 195 1654 cabitur.
223 1609 329 1652 Deaurabit
347 1610 396 1650 illud
416 1611 478 1662 aquila
487 1610 489 1612 ’
498 1613 547 1662 rupti
562 1611 645 1652 foederis
661 1616 680 1650 et
694 1605 748 1650 tertia
762 1609 847 1650 nidiliea-

115 1679 278 1732 tionegaudebit.
291 1692 293 1694 ’
305 1672 425 1729 Evigilabunt
444 1680 541 1729 rugientes
561 1677 628 1725 eatuli,
650 1682 669 1718 et
687 1675 799 1730 postpositis
814 1672 847 1717 ne-

116 1749 202 1787 moribus
218 1748 270 1788 iutra
281 1747 365 1786 'moenia
385 1747 480 1786 civitatum
497 1747 625 1792 venabnntnr3
641 1752 724 1798 stragem
739 1759 778 1785 nou
792 1747 847 1785 mini-

116 1827 172 1857 mam·
182 1828 204 1856 ex
220 1815 339 1856 obstantibus
353 1815 424 1854 facient
439 1819 458 1854 et
468 1815 542 1868 linguas
553 1819 650 1855 taurorum
661 1815 782 1861 abscindent3
798 1813 847 1854 colla

116 1885 232 1936 rugientium
245 1884 351 1923 onerabunt
361 1884 433 1922 eatenis
446 1889 466 1921 et
477 1885 525 1922 avita
535 1889 621 1933 tempora
630 1885 755 1923 renovabunt.
775 1880 846 1923 Exinde

117 1951 216 2002 deprimo
230 1951 250 1990 in
265 1955 361 2002 quartum,
377 1950 401 1990 de
415 1955 482 2001 quarto
497 1951 517 1990 iu
531 1952 618 1997 tertium,
634 1951 658 1990 dc
673 1946 728 1992 terlio
743 1951 762 1989 in
778 1959 848 1988 secun-

117 2020 162 2059 dum
176 2019 267 2061 rotabitur
280 2019 344 2070 pollex
358 2020 378 2059 in
393 2019 442 2059 oleo.
472 2019 542 2059 Sextus
555 2020 664 2070 llpberniue
678 2012 754 2059 moenia
769 2009 847 2058 subver-

118 2092 146 2128 tet
161 2091 180 2127 et
193 2098 273 2128 nemora
286 2088 305 2126 iu
320 2087 417 2138 planitiem
434 2087 522 2134 rnulabit3
544 2087 628 2127 diversas
642 2088 775 2139 portionesin
789 2098 848 2127 unum

118 2154 207 2201 reducet,
228 2159 247 2193 et
265 2154 330 2208 capite
346 2154 409 2194 leonis
428 2154 554 2194 coronabitur.
583 2155 700 2206 Principium
719 2156 780 2206 ipsius
800 2159 848 2207 vago

118 2222 194 2277 alleolui
209 2219 325 2271 san'aoetlc
340 2220 375 2261 sed
388 2220 432 2260 linis
441 2220 503 2271 ipsius
513 2220 537 2258 ad
546 2232 640 2271 supernos
651 2220 765 2260 convolabit.
786 2221 848 2260 Reno-

117 2292 169 2334 vabit
187 2301 269 2342 namque
288 2290 388 2331 beatorum
408 2290 465 2330 sedes
480 2303 515 2342 per
528 2289 609 2340 patrias,
633 2294 652 2329 et
665 2292 754 2341 pastores
768 2289 788 2328 in
803 2302 849 2328 con-

119 2361 169 2411 gruis
184 2361 232 2400 loeis
247 2360 328 2405 locabit;
343 2359 389 2400 duas
404 2359 462 2399 urbes
478 2358 553 2398 duobus
567 2358 630 2409 palliis
645 2358 716 2405 induet,
732 2362 750 2398 et
763 2359 849 2411 virginea

118 2437 197 2466 munera
210 2426 315 2483 virginibus
330 2426 412 2479 donabit.
440 2425 583 2467 Promevebitur
596 2424 641 2464 inde
655 2425 740 2466 favorem
750 2426 847 2474 Tonantis,

119 2498 138 2536 ct
157 2494 208 2534 inter
225 2494 292 2534 beatos
313 2495 443 2535 collocabitur.
472 2493 586 2545 Egredietnr
605 2505 627 2533 ex
645 2505 669 2533 eo
687 2494 725 2532 linx
744 2491 848 2544 penetrans

164 2714 182 2756 1)
195 2714 219 2748 De
230 2714 317 2759 prophetia
333 2715 365 2747 ista
376 2715 426 2747 virle:
443 2712 524 2748 Annals
541 2712 565 2745 ol
580 2711 618 2746 the
636 2712 735 2757 Colnago
752 2711 771 2745 ol
786 2711 849 2747 Britain

119 2772 152 2806 ancl
167 2773 189 2804 ils
204 2771 362 2815 Dependeneies...
380 2771 403 2814 bv
419 2771 448 2805 the
463 2771 505 2804 Rev.
518 2770 582 2814 Rogers
593 2770 664 2817 Ruding.
688 2769 766 2816 London:
783 2771 849 2815 printed

119 2830 145 2866 lor
156 2829 271 2875 Laclangrnn,
288 2833 320 2865 etc.
333 2826 385 2873 1819,
402 2829 420 2862 in
432 2828 461 2872 8⁰,
480 2827 512 2863 vol.
525 2827 551 2872 ll,
564 2839 580 2873 p.
593 2825 614 2872 2,
627 2833 666 2862 nate
679 2827 691 2862 l.
708 2827 727 2861 F.
739 2826 761 2863 tt
