<?xml version="1.0" encoding="UTF-8"?>
<!DOCTYPE html PUBLIC "-//W3C//DTD XHTML 1.0 Transitional//EN"
    "http://www.w3.org/TR/xhtml1/DTD/xhtml1-transitional.dtd">
<html xmlns="http://www.w3.org/1999/xhtml" xml:lang="en" lang="en">
 <head>
  <title>
</title>
<meta http-equiv="Content-Type" content="text/html;charset=utf-8" />
  <meta name='ocr-system' content='tesseract 3.04.00' />
  <meta name='ocr-capabilities' content='ocr_page ocr_carea ocr_par ocr_line ocrx_word'/>
</head>
<body>
  <div class='ocr_page' id='page_1' title='image "./MN41907ucmf_4_0442.png"; bbox 0 0 1807 3145; ppageno 0'>
   <div class='ocr_carea' id='block_1_1' title="bbox 121 190 546 237">
    <p class='ocr_par' dir='ltr' id='par_1_1' title="bbox 121 190 546 237">
     <span class='ocr_line' id='line_1_1' title="bbox 121 190 546 237; baseline -0.026 0"><span class='ocrx_word' id='word_1_1' title='bbox 121 198 162 237; x_wconf 76' lang='lat' dir='ltr'>tle</span> <span class='ocrx_word' id='word_1_2' title='bbox 425 190 464 227; x_wconf 80' lang='lat' dir='ltr'>vna</span> <span class='ocrx_word' id='word_1_3' title='bbox 474 191 546 227; x_wconf 84' lang='lat' dir='ltr'>llerlini.</span> 
     </span>
    </p>
   </div>
   <div class='ocr_carea' id='block_1_2' title="bbox 122 306 674 432">
    <p class='ocr_par' dir='ltr' id='par_1_2' title="bbox 122 306 674 432">
     <span class='ocr_line' id='line_1_2' title="bbox 123 306 671 361; baseline 0.002 -11"><span class='ocrx_word' id='word_1_4' title='bbox 123 310 223 361; x_wconf 79' lang='lat' dir='ltr'>Obsequio</span> <span class='ocrx_word' id='word_1_5' title='bbox 238 310 328 355; x_wconf 87' lang='lat' dir='ltr'>Domini,</span> <span class='ocrx_word' id='word_1_6' title='bbox 345 309 396 359; x_wconf 89' lang='lat' dir='ltr'>quod</span> <span class='ocrx_word' id='word_1_7' title='bbox 411 309 446 349; x_wconf 86' lang='lat' dir='ltr'>erit</span> <span class='ocrx_word' id='word_1_8' title='bbox 459 322 495 359; x_wconf 88' lang='lat' dir='ltr'>per</span> <span class='ocrx_word' id='word_1_9' title='bbox 508 306 583 360; x_wconf 73' lang='lat' dir='ltr'>singula</span> <span class='ocrx_word' id='word_1_10' title='bbox 595 323 671 351; x_wconf 87' lang='lat' dir='ltr'>mecum</span> 
     </span>
     <span class='ocr_line' id='line_1_3' title="bbox 122 375 674 432; baseline 0.002 -14"><span class='ocrx_word' id='word_1_11' title='bbox 122 378 149 418; x_wconf 86' lang='lat' dir='ltr'>Ex</span> <span class='ocrx_word' id='word_1_12' title='bbox 163 378 200 417; x_wconf 89' lang='lat' dir='ltr'>hoo</span> <span class='ocrx_word' id='word_1_13' title='bbox 214 388 265 418; x_wconf 84' lang='lat' dir='ltr'>nune</span> <span class='ocrx_word' id='word_1_14' title='bbox 281 388 382 418; x_wconf 82' lang='lat' dir='ltr'>cornornne</span> <span class='ocrx_word' id='word_1_15' title='bbox 396 376 441 424; x_wconf 88' lang='lat' dir='ltr'>tibi,</span> <span class='ocrx_word' id='word_1_16' title='bbox 458 375 502 416; x_wconf 83' lang='lat' dir='ltr'>durn</span> <span class='ocrx_word' id='word_1_17' title='bbox 516 377 561 419; x_wconf 82' lang='lat' dir='ltr'>uiuit</span> <span class='ocrx_word' id='word_1_18' title='bbox 574 382 674 432; x_wconf 86' lang='lat' dir='ltr'>uterque.“</span> 
     </span>
    </p>
   </div>
   <div class='ocr_carea' id='block_1_3' title="bbox 122 513 714 838">
    <p class='ocr_par' dir='ltr' id='par_1_3' title="bbox 122 513 714 838">
     <span class='ocr_line' id='line_1_4' title="bbox 177 513 713 567; baseline 0.002 -12"><span class='ocrx_word' id='word_1_19' title='bbox 177 515 228 567; x_wconf 84' lang='lat' dir='ltr'>Ergo</span> <span class='ocrx_word' id='word_1_20' title='bbox 243 515 278 555; x_wconf 89' lang='lat' dir='ltr'>suh</span> <span class='ocrx_word' id='word_1_21' title='bbox 292 515 329 554; x_wconf 88' lang='lat' dir='ltr'>hoo</span> <span class='ocrx_word' id='word_1_22' title='bbox 344 513 452 567; x_wconf 86' lang='lat' dir='ltr'>lllaeldinus</span> <span class='ocrx_word' id='word_1_23' title='bbox 467 514 503 561; x_wconf 78' lang='lat' dir='ltr'>ait,</span> <span class='ocrx_word' id='word_1_24' title='bbox 518 526 562 554; x_wconf 87' lang='lat' dir='ltr'>narn</span> <span class='ocrx_word' id='word_1_25' title='bbox 576 515 654 556; x_wconf 86' lang='lat' dir='ltr'>nornine</span> <span class='ocrx_word' id='word_1_26' title='bbox 668 516 713 556; x_wconf 85' lang='lat' dir='ltr'>tali</span> 
     </span>
     <span class='ocr_line' id='line_1_5' title="bbox 122 582 714 635; baseline 0.005 -13"><span class='ocrx_word' id='word_1_27' title='bbox 122 582 191 622; x_wconf 86' lang='lat' dir='ltr'>Dictus</span> <span class='ocrx_word' id='word_1_28' title='bbox 206 588 253 623; x_wconf 81' lang='lat' dir='ltr'>eret:</span> <span class='ocrx_word' id='word_1_29' title='bbox 268 582 324 629; x_wconf 78' lang='lat' dir='ltr'>„Non</span> <span class='ocrx_word' id='word_1_30' title='bbox 338 583 387 629; x_wconf 89' lang='lat' dir='ltr'>hoc,</span> <span class='ocrx_word' id='word_1_31' title='bbox 402 587 456 634; x_wconf 84' lang='lat' dir='ltr'>pater</span> <span class='ocrx_word' id='word_1_32' title='bbox 471 595 482 621; x_wconf 93' lang='lat' dir='ltr'>o</span> <span class='ocrx_word' id='word_1_33' title='bbox 496 582 714 635; x_wconf 79' lang='lat' dir='ltr'>venerande‚recuso!</span> 
     </span>
     <span class='ocr_line' id='line_1_6' title="bbox 122 649 658 702; baseline 0.002 -13"><span class='ocrx_word' id='word_1_34' title='bbox 122 650 192 689; x_wconf 86' lang='lat' dir='ltr'>Laetus</span> <span class='ocrx_word' id='word_1_35' title='bbox 207 651 258 689; x_wconf 89' lang='lat' dir='ltr'>enim</span> <span class='ocrx_word' id='word_1_36' title='bbox 271 653 336 689; x_wconf 87' lang='lat' dir='ltr'>tecum</span> <span class='ocrx_word' id='word_1_37' title='bbox 350 649 407 690; x_wconf 86' lang='lat' dir='ltr'>silvas</span> <span class='ocrx_word' id='word_1_38' title='bbox 422 649 521 696; x_wconf 74' lang='lat' dir='ltr'>habitabo,</span> <span class='ocrx_word' id='word_1_39' title='bbox 536 650 636 702; x_wconf 83' lang='lat' dir='ltr'>Deumque</span> <span class='ocrx_word' id='word_1_40' title='bbox 657 676 658 679; x_wconf 57' lang='lat'><em>=</em></span> 
     </span>
     <span class='ocr_line' id='line_1_7' title="bbox 123 717 655 765; baseline 0.004 -8"><span class='ocrx_word' id='word_1_41' title='bbox 123 717 172 759; x_wconf 87' lang='lat' dir='ltr'>Tota</span> <span class='ocrx_word' id='word_1_42' title='bbox 186 723 250 759; x_wconf 89' lang='lat' dir='ltr'>mente</span> <span class='ocrx_word' id='word_1_43' title='bbox 265 719 337 765; x_wconf 86' lang='lat' dir='ltr'>oolam,</span> <span class='ocrx_word' id='word_1_44' title='bbox 353 718 446 758; x_wconf 88' lang='lat' dir='ltr'>tremulos</span> <span class='ocrx_word' id='word_1_45' title='bbox 461 717 506 757; x_wconf 89' lang='lat' dir='ltr'>durn</span> <span class='ocrx_word' id='word_1_46' title='bbox 520 719 590 758; x_wconf 81' lang='lat' dir='ltr'>rexerit</span> <span class='ocrx_word' id='word_1_47' title='bbox 604 724 655 759; x_wconf 82' lang='lat' dir='ltr'>artus</span> 
     </span>
     <span class='ocr_line' id='line_1_8' title="bbox 124 786 629 838; baseline 0 -13"><span class='ocrx_word' id='word_1_48' title='bbox 124 786 207 838; x_wconf 77' lang='lat' dir='ltr'>Spiritus</span> <span class='ocrx_word' id='word_1_49' title='bbox 221 788 259 827; x_wconf 86' lang='lat' dir='ltr'>iste</span> <span class='ocrx_word' id='word_1_50' title='bbox 273 798 339 833; x_wconf 88' lang='lat' dir='ltr'>meos,</span> <span class='ocrx_word' id='word_1_51' title='bbox 355 797 411 837; x_wconf 87' lang='lat' dir='ltr'>quern</span> <span class='ocrx_word' id='word_1_52' title='bbox 426 790 445 826; x_wconf 88' lang='lat' dir='ltr'>te</span> <span class='ocrx_word' id='word_1_53' title='bbox 459 786 629 837; x_wconf 63' lang='lat' dir='ltr'>doctorepiahof‘</span> 
     </span>
    </p>
   </div>
   <div class='ocr_carea' id='block_1_4' title="bbox 124 921 734 1383">
    <p class='ocr_par' dir='ltr' id='par_1_4' title="bbox 124 921 734 1383">
     <span class='ocr_line' id='line_1_9' title="bbox 180 921 696 973; baseline 0.002 -13"><span class='ocrx_word' id='word_1_54' title='bbox 180 921 227 967; x_wconf 85' lang='lat' dir='ltr'>„Sic</span> <span class='ocrx_word' id='word_1_55' title='bbox 242 925 262 961; x_wconf 87' lang='lat' dir='ltr'>et</span> <span class='ocrx_word' id='word_1_56' title='bbox 275 933 311 973; x_wconf 83' lang='lat' dir='ltr'>ego</span> <span class='ocrx_word' id='word_1_57' title='bbox 326 922 393 961; x_wconf 80' lang='lat' dir='ltr'>facian</span> <span class='ocrx_word' id='word_1_58' title='bbox 407 921 508 967; x_wconf 86' lang='lat' dir='ltr'>vohiseurn</span> <span class='ocrx_word' id='word_1_59' title='bbox 521 921 588 961; x_wconf 89' lang='lat' dir='ltr'>tertius</span> <span class='ocrx_word' id='word_1_60' title='bbox 603 924 669 961; x_wconf 90' lang='lat' dir='ltr'>auctus</span> <span class='ocrx_word' id='word_1_61' title='bbox 674 925 696 969; x_wconf 88' lang='lat'>;“</span> 
     </span>
     <span class='ocr_line' id='line_1_10' title="bbox 124 988 603 1041; baseline 0 -13"><span class='ocrx_word' id='word_1_62' title='bbox 124 988 240 1041; x_wconf 83' lang='lat' dir='ltr'>Telgesinus</span> <span class='ocrx_word' id='word_1_63' title='bbox 255 989 290 1029; x_wconf 86' lang='lat' dir='ltr'>ait:</span> <span class='ocrx_word' id='word_1_64' title='bbox 305 990 416 1041; x_wconf 84' lang='lat' dir='ltr'>„Despeoto</span> <span class='ocrx_word' id='word_1_65' title='bbox 430 990 513 1030; x_wconf 77' lang='lat' dir='ltr'>themate</span> <span class='ocrx_word' id='word_1_66' title='bbox 527 988 603 1029; x_wconf 87' lang='lat' dir='ltr'>mundi!</span> 
     </span>
     <span class='ocr_line' id='line_1_11' title="bbox 124 1057 634 1113; baseline 0.002 -17"><span class='ocrx_word' id='word_1_67' title='bbox 124 1057 166 1097; x_wconf 87' lang='lat' dir='ltr'>Jarn</span> <span class='ocrx_word' id='word_1_68' title='bbox 181 1058 227 1097; x_wconf 87' lang='lat' dir='ltr'>satis</span> <span class='ocrx_word' id='word_1_69' title='bbox 243 1058 297 1113; x_wconf 84' lang='lat' dir='ltr'>exegi</span> <span class='ocrx_word' id='word_1_70' title='bbox 312 1057 393 1098; x_wconf 88' lang='lat' dir='ltr'>vivendo</span> <span class='ocrx_word' id='word_1_71' title='bbox 407 1063 495 1108; x_wconf 84' lang='lat' dir='ltr'>tenpore</span> <span class='ocrx_word' id='word_1_72' title='bbox 510 1069 569 1104; x_wconf 88' lang='lat' dir='ltr'>vane,</span> <span class='ocrx_word' id='word_1_73' title='bbox 632 1063 634 1067; x_wconf 79' lang='grc'>’</span> 
     </span>
     <span class='ocr_line' id='line_1_12' title="bbox 124 1124 734 1177; baseline 0.003 -14"><span class='ocrx_word' id='word_1_74' title='bbox 124 1124 147 1163; x_wconf 87' lang='lat' dir='ltr'>Et</span> <span class='ocrx_word' id='word_1_75' title='bbox 161 1135 212 1163; x_wconf 91' lang='lat' dir='ltr'>nunc</span> <span class='ocrx_word' id='word_1_76' title='bbox 226 1129 301 1175; x_wconf 81' lang='lat' dir='ltr'>tenpus</span> <span class='ocrx_word' id='word_1_77' title='bbox 317 1124 377 1172; x_wconf 82' lang='lat' dir='ltr'>adest,</span> <span class='ocrx_word' id='word_1_78' title='bbox 393 1137 431 1177; x_wconf 86' lang='lat' dir='ltr'>qno</span> <span class='ocrx_word' id='word_1_79' title='bbox 445 1137 477 1164; x_wconf 84' lang='lat' dir='ltr'>rne</span> <span class='ocrx_word' id='word_1_80' title='bbox 491 1124 539 1170; x_wconf 78' lang='lat' dir='ltr'>inihi</span> <span class='ocrx_word' id='word_1_81' title='bbox 551 1128 571 1170; x_wconf 90' lang='lat' dir='ltr'>te</span> <span class='ocrx_word' id='word_1_82' title='bbox 586 1124 635 1164; x_wconf 88' lang='lat' dir='ltr'>duee</span> <span class='ocrx_word' id='word_1_83' title='bbox 650 1124 734 1166; x_wconf 85' lang='lat' dir='ltr'>reddam.</span> 
     </span>
     <span class='ocr_line' id='line_1_13' title="bbox 124 1192 639 1233; baseline 0 -2"><span class='ocrx_word' id='word_1_84' title='bbox 124 1192 164 1232; x_wconf 89' lang='lat' dir='ltr'>Vos</span> <span class='ocrx_word' id='word_1_85' title='bbox 179 1196 209 1231; x_wconf 92' lang='lat' dir='ltr'>set</span> <span class='ocrx_word' id='word_1_86' title='bbox 223 1193 273 1232; x_wconf 85' lang='lat' dir='ltr'>abite</span> <span class='ocrx_word' id='word_1_87' title='bbox 288 1192 347 1233; x_wconf 81' lang='lat' dir='ltr'>[luces</span> <span class='ocrx_word' id='word_1_88' title='bbox 362 1193 420 1233; x_wconf 90' lang='lat' dir='ltr'>urbes</span> <span class='ocrx_word' id='word_1_89' title='bbox 435 1192 538 1233; x_wconf 84' lang='lat' dir='ltr'>defendere</span> <span class='ocrx_word' id='word_1_90' title='bbox 552 1198 639 1233; x_wconf 87' lang='lat' dir='ltr'>vestras:</span> 
     </span>
     <span class='ocr_line' id='line_1_14' title="bbox 124 1260 652 1313; baseline 0.006 -13"><span class='ocrx_word' id='word_1_91' title='bbox 124 1261 168 1301; x_wconf 91' lang='lat' dir='ltr'>Nou</span> <span class='ocrx_word' id='word_1_92' title='bbox 182 1260 238 1302; x_wconf 88' lang='lat' dir='ltr'>decet</span> <span class='ocrx_word' id='word_1_93' title='bbox 250 1266 271 1301; x_wconf 91' lang='lat' dir='ltr'>ut</span> <span class='ocrx_word' id='word_1_94' title='bbox 284 1266 370 1302; x_wconf 87' lang='lat' dir='ltr'>nostram</span> <span class='ocrx_word' id='word_1_95' title='bbox 384 1266 448 1303; x_wconf 87' lang='lat' dir='ltr'>vestro</span> <span class='ocrx_word' id='word_1_96' title='bbox 463 1273 552 1301; x_wconf 87' lang='lat' dir='ltr'>sermone</span> <span class='ocrx_word' id='word_1_97' title='bbox 568 1262 652 1313; x_wconf 88' lang='lat' dir='ltr'>quietern</span> 
     </span>
     <span class='ocr_line' id='line_1_15' title="bbox 125 1330 610 1383; baseline 0 -13"><span class='ocrx_word' id='word_1_98' title='bbox 125 1331 142 1370; x_wconf 84' lang='grc' dir='ltr'><strong>Α</strong></span> <span class='ocrx_word' id='word_1_99' title='bbox 156 1330 214 1370; x_wconf 84' lang='lat' dir='ltr'>modo</span> <span class='ocrx_word' id='word_1_100' title='bbox 228 1330 318 1371; x_wconf 85' lang='lat' dir='ltr'>turbetis:</span> <span class='ocrx_word' id='word_1_101' title='bbox 333 1332 378 1371; x_wconf 86' lang='lat' dir='ltr'>satis</span> <span class='ocrx_word' id='word_1_102' title='bbox 393 1331 513 1383; x_wconf 83' lang='lat' dir='ltr'>applausistis</span> <span class='ocrx_word' id='word_1_103' title='bbox 529 1331 610 1371; x_wconf 79' lang='lat' dir='ltr'>arnico.“</span> 
     </span>
    </p>
   </div>
   <div class='ocr_carea' id='block_1_5' title="bbox 125 1467 709 2136">
    <p class='ocr_par' dir='ltr' id='par_1_5' title="bbox 125 1467 709 1656">
     <span class='ocr_line' id='line_1_16' title="bbox 180 1467 709 1520; baseline -0.004 -11"><span class='ocrx_word' id='word_1_104' title='bbox 180 1469 288 1509; x_wconf 79' lang='lat' dir='ltr'>Discedunt</span> <span class='ocrx_word' id='word_1_105' title='bbox 301 1480 406 1520; x_wconf 82' lang='lat' dir='ltr'>proceres,</span> <span class='ocrx_word' id='word_1_106' title='bbox 421 1471 521 1507; x_wconf 79' lang='lat' dir='ltr'>remanent</span> <span class='ocrx_word' id='word_1_107' title='bbox 534 1471 574 1519; x_wconf 88' lang='lat' dir='ltr'>tres</span> <span class='ocrx_word' id='word_1_108' title='bbox 590 1471 610 1506; x_wconf 88' lang='lat' dir='ltr'>et</span> <span class='ocrx_word' id='word_1_109' title='bbox 624 1467 709 1508; x_wconf 82' lang='lat' dir='ltr'>Ganiede</span> 
     </span>
     <span class='ocr_line' id='line_1_17' title="bbox 127 1533 682 1588; baseline -0.002 -10"><span class='ocrx_word' id='word_1_110' title='bbox 127 1538 208 1587; x_wconf 79' lang='lat' dir='ltr'>Quarta,</span> <span class='ocrx_word' id='word_1_111' title='bbox 223 1550 279 1577; x_wconf 91' lang='lat' dir='ltr'>soror</span> <span class='ocrx_word' id='word_1_112' title='bbox 293 1537 352 1583; x_wconf 75' lang='lat' dir='ltr'>vatis,</span> <span class='ocrx_word' id='word_1_113' title='bbox 367 1540 442 1588; x_wconf 87' lang='lat' dir='ltr'>surnpta</span> <span class='ocrx_word' id='word_1_114' title='bbox 457 1547 533 1588; x_wconf 92' lang='lat' dir='ltr'>quoque</span> <span class='ocrx_word' id='word_1_115' title='bbox 548 1533 631 1586; x_wconf 86' lang='lat' dir='ltr'>denique</span> <span class='ocrx_word' id='word_1_116' title='bbox 645 1536 682 1576; x_wconf 88' lang='lat' dir='ltr'>vita</span> 
     </span>
     <span class='ocr_line' id='line_1_18' title="bbox 125 1603 572 1656; baseline -0.009 -10"><span class='ocrx_word' id='word_1_117' title='bbox 125 1606 213 1656; x_wconf 79' lang='lat' dir='ltr'>Dueeltat</span> <span class='ocrx_word' id='word_1_118' title='bbox 226 1607 284 1647; x_wconf 81' lang='lat' dir='ltr'>vitain</span> <span class='ocrx_word' id='word_1_119' title='bbox 298 1606 349 1656; x_wconf 83' lang='lat' dir='ltr'>regis</span> <span class='ocrx_word' id='word_1_120' title='bbox 363 1604 458 1655; x_wconf 79' lang='lat' dir='ltr'>postlata</span> <span class='ocrx_word' id='word_1_121' title='bbox 472 1603 572 1654; x_wconf 85' lang='lat' dir='ltr'>pudicam,</span> 
     </span>
    </p>

    <p class='ocr_par' dir='ltr' id='par_1_6' title="bbox 125 1671 641 2136">
     <span class='ocr_line' id='line_1_19' title="bbox 127 1671 641 1726; baseline -0.008 -11"><span class='ocrx_word' id='word_1_122' title='bbox 127 1676 181 1725; x_wconf 83' lang='lat' dir='ltr'>Quae</span> <span class='ocrx_word' id='word_1_123' title='bbox 196 1675 255 1715; x_wconf 78' lang='lat' dir='ltr'>niodo</span> <span class='ocrx_word' id='word_1_124' title='bbox 269 1678 297 1714; x_wconf 89' lang='lat' dir='ltr'>tot</span> <span class='ocrx_word' id='word_1_125' title='bbox 310 1674 393 1726; x_wconf 91' lang='lat' dir='ltr'>populos</span> <span class='ocrx_word' id='word_1_126' title='bbox 407 1672 481 1713; x_wconf 87' lang='lat' dir='ltr'>indicto</span> <span class='ocrx_word' id='word_1_127' title='bbox 493 1672 537 1723; x_wconf 85' lang='lat' dir='ltr'>jure</span> <span class='ocrx_word' id='word_1_128' title='bbox 551 1671 641 1724; x_wconf 83' lang='lat' dir='ltr'>regebat,</span> 
     </span>
     <span class='ocr_line' id='line_1_20' title="bbox 125 1742 641 1786; baseline -0.012 0"><span class='ocrx_word' id='word_1_129' title='bbox 125 1745 180 1786; x_wconf 92' lang='lat' dir='ltr'>Nunc</span> <span class='ocrx_word' id='word_1_130' title='bbox 195 1745 309 1786; x_wconf 81' lang='lat' dir='ltr'>cumfratre</span> <span class='ocrx_word' id='word_1_131' title='bbox 324 1744 360 1784; x_wconf 90' lang='lat' dir='ltr'>sihi</span> <span class='ocrx_word' id='word_1_132' title='bbox 375 1743 427 1785; x_wconf 90' lang='lat' dir='ltr'>silvis</span> <span class='ocrx_word' id='word_1_133' title='bbox 442 1742 468 1782; x_wconf 92' lang='lat' dir='ltr'>nil</span> <span class='ocrx_word' id='word_1_134' title='bbox 483 1742 559 1782; x_wconf 87' lang='lat' dir='ltr'>dulcius</span> <span class='ocrx_word' id='word_1_135' title='bbox 575 1744 641 1781; x_wconf 80' lang='lat' dir='ltr'>exstat.</span> 
     </span>
     <span class='ocr_line' id='line_1_21' title="bbox 126 1811 625 1866; baseline -0.01 -11"><span class='ocrx_word' id='word_1_136' title='bbox 126 1815 182 1856; x_wconf 87' lang='lat' dir='ltr'>Hanc</span> <span class='ocrx_word' id='word_1_137' title='bbox 197 1816 254 1855; x_wconf 84' lang='lat' dir='ltr'>etiarn</span> <span class='ocrx_word' id='word_1_138' title='bbox 269 1813 383 1866; x_wconf 80' lang='lat' dir='ltr'>quandoque</span> <span class='ocrx_word' id='word_1_139' title='bbox 399 1815 439 1853; x_wconf 91' lang='lat' dir='ltr'>suis</span> <span class='ocrx_word' id='word_1_140' title='bbox 454 1812 540 1865; x_wconf 82' lang='lat' dir='ltr'>rapiebat</span> <span class='ocrx_word' id='word_1_141' title='bbox 555 1811 578 1852; x_wconf 84' lang='lat' dir='ltr'>ad</span> <span class='ocrx_word' id='word_1_142' title='bbox 590 1812 625 1852; x_wconf 84' lang='lat' dir='ltr'>ulta</span> 
     </span>
     <span class='ocr_line' id='line_1_22' title="bbox 128 1881 614 1934; baseline -0.008 -12"><span class='ocrx_word' id='word_1_143' title='bbox 128 1883 222 1934; x_wconf 80' lang='lat' dir='ltr'>Spiritus,</span> <span class='ocrx_word' id='word_1_144' title='bbox 236 1888 257 1921; x_wconf 91' lang='lat' dir='ltr'>ut</span> <span class='ocrx_word' id='word_1_145' title='bbox 272 1887 349 1922; x_wconf 81' lang='lat' dir='ltr'>caneret</span> <span class='ocrx_word' id='word_1_146' title='bbox 363 1882 386 1921; x_wconf 89' lang='lat' dir='ltr'>de</span> <span class='ocrx_word' id='word_1_147' title='bbox 401 1894 460 1933; x_wconf 82' lang='lat' dir='ltr'>regno</span> <span class='ocrx_word' id='word_1_148' title='bbox 475 1893 533 1932; x_wconf 80' lang='lat' dir='ltr'>saepe</span> <span class='ocrx_word' id='word_1_149' title='bbox 547 1881 614 1919; x_wconf 87' lang='lat' dir='ltr'>futura.</span> 
     </span>
     <span class='ocr_line' id='line_1_23' title="bbox 127 1947 628 2003; baseline -0.008 -14"><span class='ocrx_word' id='word_1_150' title='bbox 127 1951 177 2003; x_wconf 82' lang='lat' dir='ltr'>Ergo</span> <span class='ocrx_word' id='word_1_151' title='bbox 193 1949 224 1990; x_wconf 87' lang='lat' dir='ltr'>die</span> <span class='ocrx_word' id='word_1_152' title='bbox 239 1949 319 2003; x_wconf 85' lang='lat' dir='ltr'>quadarn</span> <span class='ocrx_word' id='word_1_153' title='bbox 334 1962 378 1988; x_wconf 88' lang='lat' dir='ltr'>curn</span> <span class='ocrx_word' id='word_1_154' title='bbox 391 1950 454 1989; x_wconf 88' lang='lat' dir='ltr'>fratris</span> <span class='ocrx_word' id='word_1_155' title='bbox 469 1953 527 1989; x_wconf 87' lang='lat' dir='ltr'>staret</span> <span class='ocrx_word' id='word_1_156' title='bbox 540 1948 560 1987; x_wconf 88' lang='lat' dir='ltr'>iu</span> <span class='ocrx_word' id='word_1_157' title='bbox 575 1947 628 1992; x_wconf 77' lang='lat' dir='ltr'>aula,</span> 
     </span>
     <span class='ocr_line' id='line_1_24' title="bbox 127 2016 631 2070; baseline -0.004 -13"><span class='ocrx_word' id='word_1_158' title='bbox 127 2018 270 2070; x_wconf 78' lang='lat' dir='ltr'>Inspiceretque</span> <span class='ocrx_word' id='word_1_159' title='bbox 285 2017 353 2057; x_wconf 88' lang='lat' dir='ltr'>dornos</span> <span class='ocrx_word' id='word_1_160' title='bbox 368 2017 464 2056; x_wconf 72' lang='lat' dir='ltr'>redientes</span> <span class='ocrx_word' id='word_1_161' title='bbox 480 2017 521 2056; x_wconf 90' lang='lat' dir='ltr'>sole</span> <span class='ocrx_word' id='word_1_162' title='bbox 535 2016 631 2060; x_wconf 81' lang='lat' dir='ltr'>fenestra,</span> 
     </span>
     <span class='ocr_line' id='line_1_25' title="bbox 127 2086 611 2136; baseline -0.01 -9"><span class='ocrx_word' id='word_1_163' title='bbox 127 2087 191 2127; x_wconf 85' lang='lat' dir='ltr'>Edidit</span> <span class='ocrx_word' id='word_1_164' title='bbox 203 2088 238 2127; x_wconf 83' lang='lat' dir='ltr'>has</span> <span class='ocrx_word' id='word_1_165' title='bbox 253 2086 319 2126; x_wconf 84' lang='lat' dir='ltr'>dubias</span> <span class='ocrx_word' id='word_1_166' title='bbox 335 2086 392 2125; x_wconf 85' lang='lat' dir='ltr'>dubio</span> <span class='ocrx_word' id='word_1_167' title='bbox 409 2086 432 2124; x_wconf 84' lang='lat' dir='ltr'>[le</span> <span class='ocrx_word' id='word_1_168' title='bbox 447 2090 526 2136; x_wconf 86' lang='lat' dir='ltr'>pectore</span> <span class='ocrx_word' id='word_1_169' title='bbox 540 2097 611 2125; x_wconf 87' lang='lat' dir='ltr'>voces:</span> 
     </span>
    </p>
   </div>
   <div class='ocr_carea' id='block_1_6' title="bbox 128 2221 678 2549">
    <p class='ocr_par' dir='ltr' id='par_1_7' title="bbox 128 2221 678 2471">
     <span class='ocr_line' id='line_1_26' title="bbox 185 2221 678 2274; baseline -0.004 -11"><span class='ocrx_word' id='word_1_170' title='bbox 185 2225 260 2270; x_wconf 82' lang='lat' dir='ltr'>‚‚[teruo</span> <span class='ocrx_word' id='word_1_171' title='bbox 275 2222 399 2262; x_wconf 86' lang='lat' dir='ltr'>Ridichenarn</span> <span class='ocrx_word' id='word_1_172' title='bbox 414 2222 491 2274; x_wconf 82' lang='lat' dir='ltr'>galeatis</span> <span class='ocrx_word' id='word_1_173' title='bbox 507 2221 595 2274; x_wconf 83' lang='lat' dir='ltr'>gentihus</span> <span class='ocrx_word' id='word_1_174' title='bbox 610 2221 678 2262; x_wconf 88' lang='lat' dir='ltr'>urhern</span> 
     </span>
     <span class='ocr_line' id='line_1_27' title="bbox 128 2292 634 2343; baseline -0.006 -11"><span class='ocrx_word' id='word_1_175' title='bbox 128 2292 238 2343; x_wconf 83' lang='lat' dir='ltr'>impletam,</span> <span class='ocrx_word' id='word_1_176' title='bbox 254 2303 359 2342; x_wconf 83' lang='lat' dir='ltr'>sacrosque</span> <span class='ocrx_word' id='word_1_177' title='bbox 373 2292 436 2337; x_wconf 86' lang='lat' dir='ltr'>viros,</span> <span class='ocrx_word' id='word_1_178' title='bbox 452 2302 556 2341; x_wconf 84' lang='lat' dir='ltr'>sacrasque</span> <span class='ocrx_word' id='word_1_179' title='bbox 571 2295 634 2341; x_wconf 79' lang='lat' dir='ltr'>tyarus</span> 
     </span>
     <span class='ocr_line' id='line_1_28' title="bbox 129 2348 613 2407; baseline -0.002 -9"><span class='ocrx_word' id='word_1_180' title='bbox 129 2359 212 2400; x_wconf 84' lang='lat' dir='ltr'>Neribus</span> <span class='ocrx_word' id='word_1_181' title='bbox 228 2359 326 2406; x_wconf 81' lang='lat' dir='ltr'>addictos,</span> <span class='ocrx_word' id='word_1_182' title='bbox 343 2361 383 2406; x_wconf 84' lang='lat' dir='ltr'>sic,</span> <span class='ocrx_word' id='word_1_183' title='bbox 399 2348 514 2399; x_wconf 69' lang='lat' dir='ltr'>consiliante</span> <span class='ocrx_word' id='word_1_184' title='bbox 526 2358 613 2407; x_wconf 81' lang='lat' dir='ltr'>juventa,</span> 
     </span>
     <span class='ocr_line' id='line_1_29' title="bbox 130 2425 582 2471; baseline -0.015 -1"><span class='ocrx_word' id='word_1_185' title='bbox 130 2430 199 2470; x_wconf 80' lang='lat' dir='ltr'>Pastor</span> <span class='ocrx_word' id='word_1_186' title='bbox 212 2430 232 2469; x_wconf 92' lang='lat' dir='ltr'>in</span> <span class='ocrx_word' id='word_1_187' title='bbox 247 2428 323 2468; x_wconf 83' lang='lat' dir='ltr'>excelsa</span> <span class='ocrx_word' id='word_1_188' title='bbox 337 2427 436 2468; x_wconf 74' lang='lat' dir='ltr'>mirabitur</span> <span class='ocrx_word' id='word_1_189' title='bbox 450 2425 501 2466; x_wconf 88' lang='lat' dir='ltr'>edita</span> <span class='ocrx_word' id='word_1_190' title='bbox 514 2425 582 2471; x_wconf 88' lang='lat' dir='ltr'>turris,</span> 
     </span>
    </p>

    <p class='ocr_par' dir='ltr' id='par_1_8' title="bbox 129 2485 627 2549">
     <span class='ocr_line' id='line_1_30' title="bbox 129 2485 627 2549; baseline -0.012 -11"><span class='ocrx_word' id='word_1_191' title='bbox 129 2498 153 2538; x_wconf 86' lang='lat' dir='ltr'>Et</span> <span class='ocrx_word' id='word_1_192' title='bbox 167 2485 253 2537; x_wconf 84' lang='lat' dir='ltr'>reserare</span> <span class='ocrx_word' id='word_1_193' title='bbox 269 2497 298 2536; x_wconf 90' lang='lat' dir='ltr'>sui</span> <span class='ocrx_word' id='word_1_194' title='bbox 312 2501 391 2549; x_wconf 84' lang='lat' dir='ltr'>cogetur</span> <span class='ocrx_word' id='word_1_195' title='bbox 405 2495 464 2536; x_wconf 87' lang='lat' dir='ltr'>fictile</span> <span class='ocrx_word' id='word_1_196' title='bbox 479 2494 564 2534; x_wconf 85' lang='lat' dir='ltr'>damni.“</span> <span class='ocrx_word' id='word_1_197' title='bbox 626 2514 627 2517; x_wconf 62' lang='lat'><em>=</em></span> 
     </span>
    </p>
   </div>
   <div class='ocr_carea' id='block_1_7' title="bbox 130 2632 667 2891">
    <p class='ocr_par' dir='ltr' id='par_1_9' title="bbox 130 2632 667 2891">
     <span class='ocr_line' id='line_1_31' title="bbox 186 2632 666 2685; baseline -0.015 -7"><span class='ocrx_word' id='word_1_198' title='bbox 186 2638 261 2683; x_wconf 82' lang='lat' dir='ltr'>„Cerno</span> <span class='ocrx_word' id='word_1_199' title='bbox 276 2634 417 2685; x_wconf 70' lang='lat' dir='ltr'>Kaerlopetopo</span> <span class='ocrx_word' id='word_1_200' title='bbox 430 2634 519 2674; x_wconf 85' lang='lat' dir='ltr'>vallatam</span> <span class='ocrx_word' id='word_1_201' title='bbox 533 2632 593 2672; x_wconf 87' lang='lat' dir='ltr'>rnilite</span> <span class='ocrx_word' id='word_1_202' title='bbox 609 2643 666 2673; x_wconf 83' lang='lat' dir='ltr'>saeuo</span> 
     </span>
     <span class='ocr_line' id='line_1_32' title="bbox 130 2701 608 2757; baseline -0.017 -10"><span class='ocrx_word' id='word_1_203' title='bbox 130 2705 257 2757; x_wconf 87' lang='lat' dir='ltr'>inclusosque</span> <span class='ocrx_word' id='word_1_204' title='bbox 272 2704 332 2750; x_wconf 81' lang='lat' dir='ltr'>druos,</span> <span class='ocrx_word' id='word_1_205' title='bbox 349 2714 430 2755; x_wconf 85' lang='lat' dir='ltr'>quorum</span> <span class='ocrx_word' id='word_1_206' title='bbox 444 2701 538 2744; x_wconf 86' lang='lat' dir='ltr'>divellitur</span> <span class='ocrx_word' id='word_1_207' title='bbox 552 2701 608 2746; x_wconf 86' lang='lat' dir='ltr'>alter,</span> 
     </span>
     <span class='ocr_line' id='line_1_33' title="bbox 130 2768 667 2824; baseline -0.011 -10"><span class='ocrx_word' id='word_1_208' title='bbox 130 2774 156 2815; x_wconf 88' lang='lat' dir='ltr'>Ut</span> <span class='ocrx_word' id='word_1_209' title='bbox 169 2773 235 2814; x_wconf 85' lang='lat' dir='ltr'>redeat</span> <span class='ocrx_word' id='word_1_210' title='bbox 250 2784 293 2811; x_wconf 84' lang='lat' dir='ltr'>curn</span> <span class='ocrx_word' id='word_1_211' title='bbox 308 2776 364 2824; x_wconf 85' lang='lat' dir='ltr'>gente</span> <span class='ocrx_word' id='word_1_212' title='bbox 378 2772 428 2817; x_wconf 84' lang='lat' dir='ltr'>iera,</span> <span class='ocrx_word' id='word_1_213' title='bbox 445 2782 489 2810; x_wconf 87' lang='lat' dir='ltr'>cum</span> <span class='ocrx_word' id='word_1_214' title='bbox 502 2768 589 2820; x_wconf 86' lang='lat' dir='ltr'>principe</span> <span class='ocrx_word' id='word_1_215' title='bbox 603 2770 667 2816; x_wconf 87' lang='lat' dir='ltr'>vallis,</span> 
     </span>
     <span class='ocr_line' id='line_1_34' title="bbox 131 2841 595 2891; baseline -0.013 -9"><span class='ocrx_word' id='word_1_216' title='bbox 131 2844 155 2882; x_wconf 86' lang='lat' dir='ltr'>Et</span> <span class='ocrx_word' id='word_1_217' title='bbox 168 2843 231 2882; x_wconf 86' lang='lat' dir='ltr'>vineat</span> <span class='ocrx_word' id='word_1_218' title='bbox 245 2846 298 2891; x_wconf 82' lang='lat' dir='ltr'>rapto</span> <span class='ocrx_word' id='word_1_219' title='bbox 313 2852 389 2880; x_wconf 77' lang='lat' dir='ltr'>saevam</span> <span class='ocrx_word' id='word_1_220' title='bbox 403 2844 481 2878; x_wconf 83' lang='lat' dir='ltr'>rectore</span> <span class='ocrx_word' id='word_1_221' title='bbox 496 2841 595 2883; x_wconf 79' lang='lat' dir='ltr'>catervam.</span> 
     </span>
    </p>
   </div>
   <div class='ocr_carea' id='block_1_8' title="bbox 0 0 919 3145">
    <p class='ocr_par' dir='ltr' id='par_1_10' title="bbox 0 0 919 3145">
     <span class='ocr_line' id='line_1_35' title="bbox 0 0 919 3145; baseline 0 0"><span class='ocrx_word' id='word_1_222' title='bbox 0 0 919 3145; x_wconf 95' lang='lat' dir='ltr'> </span> 
     </span>
    </p>
   </div>
  </div>
 </body>
</html>
