1807 3145
301 245 303 250 ‚
326 192 352 227 De
363 196 416 227 morte
434 162 490 227 Moris.
729 170 771 244 361

38 315 89 354 Deus
102 310 158 360 jubet
171 316 190 352 te
205 312 263 360 mori,
279 315 357 352 etcum
372 310 424 357 dicto
438 310 506 363 vagina
520 309 604 361 gladium
618 310 697 363 01101111
713 310 772 360 iratus

37 379 326 431 1110000101110010011100,>
344 379 375 417 cni
389 390 468 419 nomen,
479 378 576 427 ineffabile
593 379 706 429 inscriptum
726 382 772 429 erat,

38 447 95 493 ferit,
110 437 132 486 ac
146 446 261 499 increpitum
275 440 342 498 lugere
358 446 415 498 cogit.
443 447 518 488 Interea
531 445 619 486 ultimum
637 447 686 498 ritae
703 446 774 497 labitur

38 519 161 558 momentum.
190 516 257 557 Moses
276 516 296 555 in
316 527 384 566 preces
405 515 488 555 effusus:
502 514 713 567 Domine—memento
726 515 773 564 dieis
794 564 796 566 ,

39 595 75 637 qua
87 583 113 634 in
123 583 172 622 rubo
186 582 233 639 mibi
252 582 365 634 apparuisti,
386 593 430 621 cum
451 581 504 622 Sinai
522 586 608 636 montem
628 583 772 636 mandatotuo

39 648 127 694 ascendi,
138 659 186 690 cum
201 654 300 700 acceptam
315 650 378 703 legem
392 650 463 706 populo
478 655 512 697 tuo
522 649 609 703 tradidi:
628 652 739 698 misericors
752 656 774 706 et

39 718 123 759 clemens
142 717 235 772 Domine,
262 717 302 756 noli
320 730 351 756 me
370 718 444 769 ringeln
463 706 530 763 mortis
549 718 630 767 tradere.
663 720 704 770 Ego
724 707 772 770 ipse,

39 786 138 839 respondit
152 787 257 843 Dominus,
277 792 295 827 te
312 787 410 840 sepeliam.
439 787 493 833 Tunc
508 788 575 838 Moses
594 793 671 838 paratus
693 787 774 836 desuem

39 856 118 896 dentem
138 853 239 894 Dominum
260 854 371 911 pronusin
388 854 458 911 taciem
477 855 505 895 sic
520 855 614 896 adoravit:
633 854 742 901 Domine,
754 855 774 893 in

39 923 108 974 pietate
123 932 146 959 ac
160 921 295 973 misericordia
309 907 376 973 orbam
391 922 462 975 creasti
475 926 494 962 et
503 966 505 969 ,
514 922 620 974 gubernaS,
642 933 687 962 cum
705 922 774 971 iisdem

39 1000 114 1031 mecum
129 992 150 1029 ut
164 988 191 1028 sis
206 999 246 1028 oro.
275 987 345 1041 Audita
359 1000 395 1029 101
410 992 448 1028 est:
467 988 514 1028 nihil
529 989 603 1035 timeas,
618 987 775 1039 1100010011

39 1060 72 1100 tie
86 1063 128 1099 tua
144 1060 202 1096 ante
221 1046 256 1102 te,
278 1062 302 1096 01
321 1057 405 1108 gloria
419 1057 518 1097 Domini
536 1057 648 1110 colliget
665 1061 695 1099 te.
724 1054 773 1107 Tres

38 1127 123 1178 Angelos
137 1125 261 1171 michaelem,
277 1124 397 1171 Gabrielem,
413 1130 433 1165 ct
446 1126 567 1177 Zinghielem
581 1139 625 1168 cum
634 1127 677 1169 Deo
693 1127 773 1168 descen-

40 1194 93 1234 disse
107 1197 221 1233 memorant.
250 1191 338 1244 Zinghiel
353 1191 435 1233 cervical
450 1192 562 1244 supposuit,
579 1192 655 1234 Gabriel
670 1206 681 1234 a
696 1194 772 1241 dextris,

37 1252 120 1302 michael
135 1272 145 1300 a
160 1259 252 1305 sinistris,
267 1260 355 1312 Zingbiel
371 1271 381 1300 a
395 1259 477 1311 pedibus
493 1262 550 1301 stetit.
579 1262 632 1301 Deus
647 1263 717 1303 Mosen
732 1275 771 1303 am-

38 1331 72 1370 bas
87 1328 160 1380 pectori
180 1339 248 1367 manus
265 1327 374 1378 imponere,
394 1339 416 1367 ac
437 1328 504 1368 ocules
526 1328 615 1368 claudere
632 1328 701 1379 jussit,
721 1331 774 1383 quod

38 1397 70 1437 ubi
86 1401 191 1448 exequutus
210 1391 252 1440 est,
273 1394 315 1443 ejus
334 1395 416 1434 animam
435 1396 464 1434 sic
486 1396 570 1437 vocavit:
591 1396 641 1443 lilia,
662 1402 740 1438 centum
755 1404 775 1439 et

41 1465 108 1503 decem
119 1476 179 1502 annos
189 1464 224 1501 tihi
232 1464 334 1508 ¹constitui,
350 1474 398 1513 qnos
412 1464 433 1502 10
445 1463 492 1512 J'usti
502 1476 583 1515 corpore
594 1466 708 1516 compleres,
720 1479 775 1519 egre-

40 1531 84 1572 dere
99 1540 150 1570 nunc
172 1530 214 1568 sine
229 1540 287 1568 mora.
317 1529 413 1574 Domine,
433 1529 534 1579 respoudit
552 1530 597 1578 illa,
609 1527 659 1580 Xscio
678 1534 698 1569 te
712 1529 795 1569 110111ον

41 1600 150 1652 spirituum,
173 1597 228 1648 cujus
247 1598 267 1636 in
286 1600 380 1648 potestate
402 1601 446 1635 sunt
465 1607 533 1636 omnes
548 1596 622 1636 animae
636 1596 740 1638 viventium
755 1602 774 1638 et

39 1672 169 1713 mortuorum,
190 1670 211 1705 tu
230 1677 261 1705 me
282 1665 362 1711 creasti,
383 1669 404 1705 tu
417 1664 437 1704 in
449 1664 496 1714 J'usti
511 1676 591 1717 corpore
606 1670 635 1705 tot
649 1677 709 1704 annos
725 1677 772 1705 esse

40 1735 125 1781 voluisli3
145 1732 241 1785 quodnam
260 1742 330 1781 corpus
345 1731 433 1771 Mosaico
453 1731 516 1769 simile
536 1731 579 1770 est?
600 1733 631 1770 cui
650 1745 675 1770 ne
694 1732 772 1783 quidem

39 1814 117 1843 muscae
130 1800 230 1846 incubant,
246 1800 261 1839 si
275 1799 346 1850 placet,
360 1799 393 1839 illo
408 1810 448 1839 non
463 1797 564 1850 egrediar,
577 1798 629 1838 Nihil
643 1812 731 1846 morare,
747 1801 773 1841 ait

39 1872 142 1917 Dominus,
157 1869 209 1911 venit
222 1869 257 1909 tibi
271 1879 345 1908 summa
360 1867 413 1914 dies,
435 1880 470 1919 ego
486 1872 505 1908 te
519 1868 539 1907 in
554 1869 648 1919 superiori
664 1870 720 1909 coelo
735 1869 772 1909 sub

39 1941 108 1980 throno
130 1938 202 1990 gloriae
221 1936 329 1975 collocabo.
362 1935 428 1977 Moses
451 1939 573 1976 recusantem
599 1936 664 1989 egredi
690 1938 773 1978 enimam

40 2018 93 2047 suam
106 2006 137 2046 his
148 2005 231 2045 monuit:
247 2003 278 2043 dic
292 2004 345 2049 Deo,
360 1999 427 2043 mortis
442 2004 527 2055 Angelus
542 2001 633 2044 adversus
648 2016 774 2056 100010010-

39 2075 91 2116 lebit.
119 2073 199 2114 11111οε
214 2082 347 2124 nequaquam:
361 2070 495 2126 scriptumest
508 2070 568 2111 enim:
583 2070 711 2122 Eripuisti
726 2073 773 2113 ani*

39 2155 99 2183 mam
117 2152 192 2181 meam
214 2144 224 2179 ’0
244 2140 341 2180 morte
357 2139 408 2180 Mos.
423 2141 459 2179 Dic
473 2140 539 2191 igitur,
561 2140 613 2192 quod
626 2141 648 2180 in
663 2129 775 2181 Gehennam

39 2208 201 2260 praecipitaberis.
235 2198 389 2254 1110110101100,
416 2208 450 2252 011,
471 2219 515 2246 nam
535 2207 613 2246 dicitur:
638 2208 667 2247 Et
686 2208 776 2258 pedem

39 2290 119 2319 meum
139 2278 166 2318 ab
186 2274 358 2316 ostendicuto.
386 2274 436 2317 Mos.
457 2274 501 2324 Quo
515 2275 552 2314 ibis
575 2275 647 2327 igitur?
675 2277 775 2315 1111010

39 2347 144 2386 Dominum
158 2345 178 2384 in
197 2349 268 2384 terram
286 2346 394 2385 viventium¹
423 2345 457 2385 His
478 2343 547 2384 auditis
565 2345 639 2384 animae
659 2348 775 2395 potestatem

39 2415 85 2453 10011
97 2415 117 2452 in
131 2413 218 2463 requiem
232 2424 286 2451 suam
301 2411 367 2456 000111,
383 2413 458 2462 quando
472 2412 499 2452 illi
512 2412 565 2453 Deus
580 2415 631 2451 tanta
651 2411 773 2454 retribueret.

40 2481 90 2522 Tum
104 2492 150 2524 veru
163 2480 216 2520 Deus
232 2477 329 2518 osculatus
352 2482 382 2517 est
396 2478 479 2523 Mosen,
502 2482 521 2516 et
541 2477 580 2516 oris
602 2478 670 2517 osculo
692 2480 776 2519 animam

40 2550 125 2596 abstulit,
141 2547 192 2588 sicut
205 2548 264 2597 patet:
284 2545 313 2586 lit
332 2549 448 2586 mortuus
467 2550 506 2585 001
523 2545 563 2585 ibi
577 2545 665 2587 Moses
680 2543 775 2589 'seruus

40 2617 85 2659 Dei
104 2619 128 2658 in
148 2621 214 2656 terra
233 2613 304 2655 Moab
327 2626 408 2666 super
430 2625 458 2653 os
479 2614 586 2654 Domini.
618 2614 689 2667 ingens
708 2615 789 2656 exinde>

40 2687 112 2733 luctus,
134 2697 190 2736 quem
204 2683 276 2734 primus
291 2683 344 2724 Deus
360 2695 440 2725 exorsus
463 2688 501 2724 est:
522 2682 586 2732 Quis
607 2689 696 2737 surget
717 2685 776 2725 mibi

41 2752 94 2795 eum
108 2752 192 2799 malis,
214 2750 342 2790 01010111
361 2763 413 2791 cum
431 2751 589 2791 facientibus
604 2752 774 2802 iniquitatem

42 2834 84 2863 cum
102 2821 137 2862 filli
150 2821 189 2862 mei
202 2819 321 2873 peccabunt,
344 2821 386 2872 0010
401 2832 435 2873 010
451 2822 479 2862 010
494 2819 569 2862 orabit?
589 2819 661 2873 Angeli
674 2816 775 2859 ministerii
