1807 3145
363 189 427 224 Enochi
438 188 486 225 libor.
752 197 790 232 ‘tot

116 304 135 351 6)
150 304 196 344 Post
219 315 267 355 quae
288 301 340 355 justa
362 310 381 345 et
403 307 463 347 eiecta
487 304 555 345 domus
576 305 729 356 congregationis
750 304 792 355 ejus

64 368 180 423 apparebit,
192 383 232 410 non
246 370 335 411 mutanda
350 371 429 418 abhinc,
449 372 527 412 nomine
541 371 619 411 Domini
633 372 737 421 spirituum.

116 436 136 485 7)
151 437 216 489 Neque
234 443 310 480 montes
329 438 361 479 isti
381 438 485 486 durabunt,
507 438 527 478 in
545 438 652 490 praesentia
666 436 719 489 ejus,
743 439 794 477 sicut

63 513 113 547 terra
128 508 148 546 et
162 505 228 552 colles,
242 506 295 556 [scd]
306 506 357 563 sicut
365 506 427 546 sontes
440 518 501 559 aquae
516 504 622 556 [defluenti.
635 506 659 545 Et
669 504 717 555 justi
726 506 794 546 tibera-

63 574 133 616 buntur
147 573 271 614 avennione
285 578 413 626 peccatorum.

361 711 425 751 onP.
446 711 490 751 Llll.

119 809 137 857 1)
151 809 201 850 Tum
215 809 253 851 vidi
271 815 290 850 ct
312 812 397 851 converti
415 822 446 849 me
466 810 490 850 ad
504 811 560 850 aliam
578 814 641 849 terrae
654 814 738 860 partem,
762 809 795 848 uhi

65 877 155 930 conspexi
169 872 237 918 vallem
250 877 372 928 profundam,
386 878 431 929 igne
446 877 549 918 ardentem.

117 945 137 991 2)
152 946 182 983 Ad
195 946 245 984 hanc
258 946 328 983 vallem
342 958 398 996 reges
413 951 432 984 et
446 933 534 996 potentes
549 938 626 982 deducti
640 936 689 981 sunt.

118 1010 137 1060 3)
151 1011 295 1051 lhidemoculi
313 1012 350 1051 mci
369 1012 494 1052 instrumenta
517 1011 615 1057 viderunt,
640 1023 689 1063 qaae
709 1010 795 1052 confecta

65 1086 120 1126 sunt,
140 1080 244 1130 compedes
259 1081 341 1126 ferreas,
362 1081 430 1131 quibus
445 1094 484 1119 non
499 1084 539 1120 erat
552 1080 633 1130 pondus.

120 1139 204 1195 dtTum
218 1147 333 1198 interrogavi
345 1148 433 1198 angelum
446 1148 511 1198 pacis,
527 1148 559 1198 qui
573 1159 654 1193 mecum,
671 1147 747 1201 dicens:
763 1148 795 1186 coi

63 1213 99 1253 hae
114 1212 221 1263 compedes
237 1217 255 1251 et
268 1203 395 1252 instrumenta
408 1219 519 1266 praeparata
533 1214 592 1253 sont?
648 1262 651 1265 K

121 1277 140 1324 5)
154 1277 260 1327 Respondit
274 1279 317 1317 ille:
336 1273 384 1318 haec
398 1285 508 1331 praeparata
529 1285 573 1319 sunt
586 1280 685 1320 Azazeeiis
700 1281 796 1325 exercitui,
844 1318 848 1323 ,

64 1349 84 1384 ut
98 1343 202 1387 tradantur,
218 1347 238 1383 et
251 1343 328 1383 infimae
343 1345 497 1386 condemnationi
511 1347 652 1397 adjudicentur,
667 1350 686 1385 et
699 1350 721 1384 ut
734 1346 797 1396 angeli

65 1423 132 1452 eorum
151 1411 227 1461 injectis
242 1413 302 1451 acutis
320 1412 415 1464 lapidibus
430 1413 546 1460 vinciantur,
571 1415 621 1454 sicut
634 1413 728 1453 Dominus
742 1414 796 1463 spiri·

65 1485 119 1518 tuum
130 1478 195 1527 J'ussit.
255 1521 257 1523 ‚
391 1512 393 1515 ,
687 1475 689 1478 ’

69 1539 70 1542 “
120 1545 372 1594 emittendasse,
394 1547 476 1598 liapheri
496 1553 515 1588 et
529 1547 614 1588 Phanuel
635 1546 796 1587 confirmabuntur

64 1614 97 1654 illo
116 1613 158 1660 die,
183 1619 202 1653 et
219 1618 259 1653 tum
278 1612 368 1663 dejicient
382 1614 430 1655 istos
444 1615 464 1655 in
478 1614 561 1655 ardentis
575 1614 625 1666 ignis
643 1614 753 1660 fornacem,
774 1618 795 1653 ut

65 1682 157 1722 Dominus
172 1683 270 1733 spirituum
283 1682 389 1723 vindicetur
403 1684 425 1723 ah
440 1684 463 1722 iis
476 1688 554 1734 propter
568 1694 635 1722 eorum
649 1682 734 1727 crimina,
750 1682 793 1732 quia

66 1748 145 1789 Satanae
155 1748 237 1788 ministri
246 1748 290 1788 faeti
303 1754 353 1795 sunt,
369 1753 388 1788 et
399 1761 433 1790 eos
443 1750 565 1795 seduxerunt,
575 1750 605 1800 qui
617 1749 637 1788 in
645 1747 696 1788 terra
705 1748 795 1787 habitant.
829 1778 833 1785 2

119 1813 140 1863 t)
153 1814 192 1853 litis
213 1813 280 1853 diebus
300 1815 413 1866 supplicium
434 1817 492 1855 exibit
511 1828 521 1855 a
539 1817 621 1855 Domino
643 1814 752 1864 spirituum,
778 1818 797 1853 et

68 1892 128 1934 aquae
143 1881 273 1932 receptacula,
290 1892 338 1932 quae
352 1893 410 1935 super
425 1884 485 1922 coetis
501 1888 556 1929 sunt,
572 1882 687 1934 aperientur,
703 1885 723 1920 et
737 1892 796 1932 aquae

65 1950 136 1995 fontes,
153 1949 184 2001 qui
199 1949 233 1988 suh
249 1949 310 1988 coelis
326 1954 404 1990 suntet
418 1950 452 1989 suh
468 1954 524 1992 terra.

120 2017 139 2063 8)
155 2017 227 2056 Omnes
242 2027 311 2066 aquae,
336 2028 384 2067 quae
403 2017 423 2056 in
439 2018 499 2059 coelis
520 2023 539 2057 et
552 2028 610 2068 super
623 2018 647 2055 iis
663 2022 722 2061 sum,
743 2028 795 2054 com-

66 2082 202 2123 miscebuntur.

121 2149 141 2198 9)
157 2151 221 2201 Aqua,
237 2160 285 2200 quae
300 2160 358 2201 super
372 2151 428 2189 coelo
443 2156 482 2197 est,
503 2152 540 2190 erit
552 2162 594 2190 mas
609 2150 690 2202 [agend.

109 2218 140 2266 10)
154 2219 177 2258 Et
196 2229 255 2269 aqua,
280 2229 329 2269 quae
348 2218 383 2257 sub
402 2224 453 2258 terra
468 2224 508 2265 est,
530 2220 566 2259 erit
582 2219 653 2259 temina
673 2217 796 2268 [recipiens]:

68 2295 172 2337 omnesque
186 2286 300 2336 perdentur,
323 2287 355 2336 qui
370 2287 390 2325 iu
404 2292 454 2327 terra
468 2288 562 2331 habitant,
583 2292 602 2326 et
616 2287 648 2336 qui
663 2285 746 2324 habitant
760 2285 795 2322 sub

67 2349 134 2392 dathus
150 2352 205 2392 coeli.
651 2391 653 2393 .

111 2421 143 2467 11)
158 2422 198 2460 Hac
213 2421 285 2459 ratione
299 2422 417 2471 iniquitatem
430 2427 557 2472 cognoscent,
578 2433 633 2471 quam
647 2422 667 2458 in
682 2426 731 2459 terra
746 2432 797 2457 com-

67 2485 170 2533 miserunt,
192 2493 210 2526 et
224 2487 259 2526 hac
274 2487 348 2526 ratione
362 2488 456 2538 peribunt.

368 2624 429 2663 GAP.
451 2624 496 2663 LlV.

125 2720 141 2767 1)
161 2721 229 2762 Postea
254 2720 325 2760 Senem
350 2721 423 2761 dierum
446 2723 550 2773 poenituit,
577 2728 597 2762 et
618 2722 676 2763 dixit:
701 2724 796 2764 incassum

68 2785 140 2831 perdidi
156 2800 222 2829 omnes
238 2793 299 2829 terrae
313 2788 392 2829 incolas.
620 2780 622 2783 ’
