1807 3145
375 156 437 190 Euochi
449 156 496 205 liber.
762 163 799 201 175

68 272 145 326 peribit;
170 281 229 322 aquae
250 269 314 328 diluvii
328 263 406 311 venient
419 282 477 322 super
497 282 572 309 omuern
592 277 671 318 terram,
697 279 715 313 et
730 272 800 316 omnia,
819 255 821 259 Α

70 352 117 394 [luae
130 340 151 378 in
166 350 188 378 ea
203 344 259 385 suut,
280 338 389 390 perdentur.
523 330 525 332 ’
577 341 579 343 ’

124 408 146 454 5]
161 406 185 446 Et
199 418 250 447 nunc
265 407 315 447 doce
330 418 390 452 eum,
410 404 507 457 quomodo
526 404 610 457 effugere
624 408 697 460 possit,
720 416 739 452 et
754 401 801 463 quo-

70 476 126 516 modo
141 476 245 525 progenies
261 476 303 524 ejus
317 486 407 515 mansura
421 475 446 513 sit
460 475 480 514 in
495 475 547 514 omui
561 479 616 519 terra,

125 540 144 589 6)
158 541 230 582 iterum
240 542 334 582 Dominus
344 540 435 592 Raphaeli
449 539 504 580 dixit:
518 541 618 593 Azazyeiis
628 554 695 583 marrus
709 555 731 584 ac
740 542 801 596 pedes

70 611 150 656 vincito,
174 610 240 660 ejicias
261 597 343 651 eumm
357 609 458 655 tenebras3
483 614 502 649 et
515 610 603 661 aperiens
618 599 802 662 desertumsquod

71 680 89 717 iu
104 676 190 717 Dudaele
205 683 244 724 est,
264 677 354 719 detrudas
369 689 414 717 eum
427 678 478 722 iiiuc.

125 743 145 791 t)
159 743 236 793 injicias
256 746 273 784 ei
293 745 367 796 iopides
393 750 459 784 ocutos
484 756 506 782 ac
528 749 639 790 contortos,
669 751 736 797 tegens
758 757 802 784 eum

72 810 161 861 attiguum

110 875 145 932 xS]
160 875 186 916 ibi
202 877 307 918 remanebit
317 878 337 916 in
347 881 455 923 aeternum,
472 877 550 930 obtegas
560 877 603 928 eJ‘us
612 878 687 922 faciem,
702 890 726 918 ne
739 879 804 919 iucem

72 945 143 990 videam
172 934 174 938 Α
560 935 562 938 ’

126 1011 145 1059 9)
159 1013 182 1051 Ei
196 1024 265 1063 magno
281 1012 311 1052 die
324 1011 392 1061 judicii
403 1011 450 1061 Juhe
465 1025 509 1052 eum
522 1013 543 1051 iu
556 1014 621 1064 ignem
636 1012 700 1064 dejici.

114 1077 146 1126 11])
160 1080 245 1119 Restitne
259 1084 340 1126 terram,
363 1092 419 1131 quiam
433 1081 502 1132 augeli
516 1085 651 1132 corruperunt,
676 1085 695 1120 et
709 1082 802 1122 annuncio

72 1147 89 1184 ei
104 1146 170 1189 vitam7
191 1148 281 1197 quoniam
296 1148 386 1197 equidem
400 1148 444 1186 volo
458 1148 574 1186 reviviscere
589 1160 636 1186 earn.
699 1192 701 1197 .

115 1210 146 1258 ll)
162 1211 234 1251 Omnes
257 1212 356 1251 hominum
376 1212 410 1251 fxiii
431 1224 470 1252 nou
488 1213 577 1264 peribunt
595 1213 619 1252 oh
641 1218 747 1260 secretum,
771 1226 805 1265 per

73 1269 125 1328 quod
134 1278 201 1328 vigiles
211 1279 335 1329 praevaricati
345 1283 395 1326 sunt,
406 1284 425 1319 et
435 1279 486 1330 quod
497 1279 603 1320 docuerunt
613 1291 680 1320 eorum
687 1280 807 1332 progeniem„

116 1357 148 1404 12)
164 1356 212 1397 Tota
226 1362 276 1398 terra
297 1361 385 1409 corrupta
405 1361 435 1397 est
454 1370 488 1408 per
502 1357 608 1396 doctrinam
622 1356 728 1406 Axaryelis.
756 1354 806 1394 Huic

74 1423 131 1473 igitur
146 1423 217 1463 tribuas
232 1435 289 1463 omne
305 1425 382 1463 crimen.

117 1500 149 1548 13>
164 1501 247 1542 Gabrieli
270 1502 327 1542 etiam
341 1501 436 1541 Dominus
457 1500 513 1540 dixit:
527 1498 582 1560 jabi
601 1498 625 1539 ad
644 1498 757 1546 mordaces,
783 1498 806 1539 ad

75 1569 197 1618 reprobatos,
213 1570 237 1609 ad
250 1570 322 1610 liberos
336 1570 477 1615 fornicatiouis,
499 1574 519 1608 et
531 1567 591 1618 perde
605 1568 655 1607 filios
669 1568 805 1611 fornicationis,

74 1638 186 1688 progeniem
207 1637 290 1689 Vigilum
305 1648 337 1691 *ex
361 1636 484 1682 hominihus,
512 1635 608 1686 producas
629 1646 663 1675 eos
690 1639 710 1674 et
734 1634 806 1674 excites

75 1702 167 1741 adversus
186 1716 207 1742 se
224 1705 312 1743 invicem.
340 1704 378 1743 Fae
398 1711 433 1742 eos
452 1704 514 1753 perire
530 1702 607 1754 [mutua]
628 1703 737 1749 occisione,
762 1713 807 1741 nam

76 1768 187 1809 diuturnitas
203 1770 277 1810 dierum
290 1784 329 1811 non
345 1771 381 1811 erit
395 1771 442 1811 eis.“

119 1849 150 1896 14)
166 1850 239 1889 Omnes
258 1850 286 1888 illi
299 1855 318 1890 te
338 1850 441 1900 rogabunt,
464 1848 500 1888 sed
513 1854 577 1900 patres
596 1860 663 1888 eorum
680 1861 719 1888 non
734 1848 807 1888 obtine-

75 1914 123 1954 bunt
137 1916 186 1966 [vora
201 1918 243 1965 sua]
258 1928 292 1967 pro
306 1918 341 1962 iis;
355 1928 399 1955 nam
413 1916 517 1968 sperabunt
530 1917 587 1956 vitam
602 1921 709 1961 aeternam,
726 1921 745 1955 et
758 1916 805 1960 fore,

77 1986 98 2019 ut
111 1982 162 2020 vivat
176 1984 257 2033 quisque
273 1984 387 2033 quingentos
402 1995 468 2022 anuos.

121 2058 150 2105 td)
165 2058 254 2099 Michaeii
269 2071 345 2110 quoque
360 2060 453 2099 Dominus
475 2060 528 2099 dixit:
553 2061 589 2100 Abi
609 2065 628 2100 et
641 2061 711 2099 nuncia
727 2060 807 2110 [crimen

78 2125 260 2177 suximusnmyazae,
276 2131 295 2165 et
307 2127 355 2174 aliis,
368 2128 398 2178 qui
410 2139 452 2166 eum
464 2139 487 2166 eo
497 2131 547 2173 sunt,
559 2129 591 2179 qui
604 2116 701 2177 conjuncti
712 2130 757 2165 sunt
765 2138 809 2164 oum

78 2193 194 2239 mulieribus,
202 2197 223 2233 ut.
229 2194 359 2244 polluerentur
366 2195 417 2232 omni
426 2205 491 2233 earum
498 2195 612 2245 impuritate.
626 2196 649 2234 lit
657 2193 732 2246 quando
741 2205 808 2232 omnes

79 2270 144 2299 eorum
160 2261 194 2300 filii
209 2262 269 2301 occisi
285 2267 344 2307 erunt,
360 2267 379 2302 et
388 2254 476 2303 viderint
484 2263 590 2313 perniciem
600 2262 714 2303 dilectorum
724 2273 807 2304 suorum,

90 2443 92 2446 ’
123 2436 261 2479 adCap-X,v.
275 2434 302 2470 13.
326 2435 357 2468 Abi
370 2435 390 2467 ad
401 2434 500 2476 mordaces]
523 2433 548 2466 De
560 2432 602 2476 Sacy
614 2432 657 2467 hane
672 2444 731 2467 uocem
743 2434 809 2466 omnino

80 2498 112 2521 nou
124 2493 179 2524 uertit.
192 2491 255 2538 'Radix
266 2491 360 2533 aethiopica
371 2500 425 2534 neque
436 2491 453 2522 iu
463 2489 548 2532 Ludolpho
560 2499 615 2533 neque
624 2491 642 2521 iri
653 2488 723 2528 Gasteilo
733 2490 808 2522 occurrit

80 2542 139 2579 iterum
152 2559 172 2582 ea
182 2550 232 2582 utitur
244 2554 299 2581 noster
310 2545 348 2591 Cap.
359 2546 438 2589 LXXXV,
451 2545 467 2582 1.
482 2545 501 2579 In
511 2545 610 2590 Aethiopico
620 2550 675 2579 autern
684 2545 720 2585 dis„
732 2545 809 2586 niujorem

80 2599 160 2636 timorum
175 2605 291 2648 Prophetarum
310 2610 373 2646 partem
393 2605 500 2643 continente,
524 2603 592 2635 fortuito
611 2603 654 2635 hauc
675 2612 732 2634 vocem
752 2602 810 2634 inveni

80 2652 188 2702 trusirent,
209 2659 224 2694 5.
241 2661 270 2694 uhi
286 2660 377 2703 prophetae
394 2660 505 2702 inducuntur,
530 2659 567 2704 qui
587 2659 686 2692 mordent
707 2657 811 2690 dentibus

81 2713 131 2747 suis.
143 2716 221 2752 ssForsau
237 2728 269 2751 vox
284 2716 398 2750 mordaces
415 2717 497 2761 siguificat
513 2716 651 2759 perditores
666 2714 754 2747 hominum.
778 2713 810 2746 Sed

82 2766 143 2802 Graece
159 2775 254 2815 exprimitur
270 2783 299 2817 por
313 2762 418 2815 utssddde’c,
438 2764 531 2806 sdurios.
