1807 3145
355 200 393 236 Vita
404 200 462 238 blesis,
634 196 636 199 ’
730 209 773 248 313

41 323 130 380 palatium
142 312 201 362 uenit.
234 320 314 364 Stabant
327 319 352 358 ad
362 319 431 368 januas
445 320 513 382 leones
529 319 578 368 duo,
594 322 698 362 mullorum
713 320 773 362 caede

41 390 145 437 notissimi,
168 400 216 441 quos
229 387 274 428 ideo
290 387 400 429 absentibus
414 381 512 440 magistris
532 387 625 429 accedere
643 401 701 431 nemo
716 387 775 428 aude·

41 463 82 509 bat,
102 458 131 499 illi
144 457 228 500 Balaami
244 455 327 496 consilio
341 456 361 495 in
375 456 445 497 Mosen
461 460 480 497 et
493 457 591 510 Aaronem
612 458 718 505 solvuntur,
737 456 775 497 sed

41 532 91 581 virga
104 526 166 570 Musis
181 526 255 566 deliniti
270 525 336 565 obvios
351 525 456 576 Prophetas
471 525 562 565 submissi
577 531 703 578 exceperant,
719 529 773 566 eatu-

40 598 102 637 lorum
116 594 140 634 ad
153 595 215 633 instar
229 593 261 647 qui
274 593 322 631 hero
338 604 361 631 ex
375 604 420 642 agro
435 593 523 633 redeunti
538 593 642 635 adulantur.
670 595 774 646 Obstupuit

41 668 63 709 ad
77 666 189 706 miraculum
203 664 286 710 Pharao,
301 663 406 716 interrogat
419 665 529 715 ingressos,
546 663 591 717 quid
606 670 729 706 canssentnr:
748 664 773 703 At

40 736 67 776 iili
80 736 133 776 Deus
147 737 224 779 noster,
239 732 291 772 Deus
306 731 438 772 Hebraeorum
457 733 483 774 ita
502 734 594 786 imperat,
608 733 662 773 mitte
680 732 773 785 populum

40 817 102 845 meum
117 809 138 843 ut
152 802 223 843 serviat
236 801 290 840 mihi
317 800 357 840 Rex
371 801 391 840 in
410 802 513 841 erastinum
532 812 647 854 responsum
665 801 772 852 pollicetur,
807 814 810 817 ·

41 875 170 914 convocantur
180 869 293 922 Sapientes,
308 868 371 919 Magi,
385 870 485 920 Augures,
500 871 572 917 Divini,
589 869 700 909 convocatis
714 880 775 919 nego-

39 941 86 981 tium
105 939 210 991 exponitur.
242 936 318 988 Balaam
338 937 435 989 quomodo
454 938 523 978 teones
545 937 653 978 euasissent
674 935 773 988 qnaesivit,

41 1020 80 1048 non
94 1006 165 1053 modo,
180 1007 220 1047 Rex
235 1006 272 1052 ait,
287 1014 327 1045 non
341 1010 456 1052 nocuerunt,
472 1007 508 1046 sed
521 1006 610 1047 ludentes
625 1017 694 1046 eanum
709 1003 733 1044 ad
746 1004 774 1042 in-

39 1082 78 1115 star
93 1075 169 1126 sequuti
184 1078 233 1113 sunt.
262 1074 389 1114 Nihilominus
405 1075 527 1120 evocandos,
547 1087 584 1115 nec
598 1078 627 1115 tot
640 1073 703 1126 Magis
716 1083 773 1125 pares

38 1144 78 1183 iore
106 1143 181 1182 censuit
204 1141 311 1181 Balaamus.
351 1140 446 1187 adfuere,
477 1142 586 1192 iterumque
608 1143 682 1193 Regem
705 1140 773 1184 eadem

39 1210 167 1256 monnernnt,
183 1206 286 1247 dubitantis
301 1207 382 1247 ansidei
397 1212 509 1260 argumenta
524 1210 633 1260 quaerentis
648 1213 690 1248 ante
706 1207 773 1246 oculos

38 1280 101 1318 Aaron
115 1278 187 1328 virgam
201 1275 291 1327 projecit,
307 1288 356 1327 quae
365 1277 451 1327 protinus
462 1278 482 1316 in
491 1281 602 1329 serpentem
612 1281 705 1323 mutatum
721 1274 773 1315 idem

37 1345 88 1397 magi
103 1345 174 1385 artibus
195 1345 234 1383 suis
253 1344 401 1394 praestiterunt,
426 1345 464 1383 hoo
484 1349 557 1385 tantum
578 1345 700 1388 discrimine,
722 1342 774 1392 quod

37 1412 135 1453 mosaicos
150 1423 229 1461 serpens
245 1410 292 1449 alios
308 1409 417 1453 devoravit,
439 1412 475 1450 sed
487 1413 565 1452 Balaam
583 1410 642 1451 nihilo
664 1410 735 1450 tractus
750 1418 773 1448 eu

38 1478 162 1522 animantium
180 1490 235 1518 more
253 1477 397 1528 interpretatur,
423 1489 505 1529 quorum
525 1478 606 1530 plurima
628 1482 693 1517 nrutna
712 1475 773 1517 caede

37 1549 133 1595 virerent,
148 1558 215 1589 verum
229 1546 321 1587 subiecit:
336 1547 352 1585 si
367 1546 444 1598 spiritus
455 1547 495 1596 vDei
508 1546 591 1595 bicest,
606 1546 680 1599 projice
693 1569 721 1576 —
735 1549 771 1589 vir-

38 1629 81 1669 gam
94 1621 153 1661 tuam,
169 1627 217 1666 quae
232 1616 249 1654 si
262 1615 335 1665 lignum
349 1620 430 1661 maneat,
446 1615 548 1666 virgasque
563 1620 639 1656 nostras
654 1618 711 1657 etiam
721 1618 775 1669 ligna·

38 1685 132 1725 manentia
144 1683 227 1729 devoret,
242 1685 282 1721 inm
293 1685 345 1721 certe
355 1681 468 1721 miraculum
477 1681 583 1721 fatebimur.
607 1684 684 1724 Dictum
693 1684 771 1730 iactam,

39 1766 105 1793 omnes
119 1753 182 1805 virgas
196 1750 308 1803 projecere,
325 1761 373 1802 quae
388 1755 489 1801 serpentes
509 1751 571 1791 factae
585 1757 640 1799 sunt,
661 1752 773 1792 demumin

38 1822 88 1874 ligna
106 1832 193 1863 reversas
212 1820 273 1862 Mosis
294 1819 347 1872 virga
362 1832 429 1860 omnes
444 1819 546 1862 devorarit.
575 1820 630 1861 lunc
644 1821 717 1863 Pharao
733 1834 773 1862 om-

38 1903 73 1931 nes
87 1891 225 1943 Aegyptiorum
238 1889 298 1929 libros
317 1888 386 1929 adferri
403 1888 466 1939 jubet,
486 1890 584 1941 quaeritur
598 1891 676 1930 Domini
694 1903 772 1937 nornen,

39 1958 73 1997 sed
86 1959 139 1998 irrito
154 1963 224 1997 ronam
238 1958 258 1996 in
272 1958 329 1997 variis
344 1957 484 2001 monumentis,
504 1958 556 2007 quod
574 1959 631 1997 etiam
644 1959 718 1998 fatetur.
747 1961 773 2008 dt

38 2026 74 2066 itti:
88 2027 141 2067 Dens
156 2030 228 2071 noster,
242 2026 296 2066 Deus
309 2024 447 2072 Hebraeorum,
463 2024 518 2076 eujus
532 2036 606 2066 nomen
617 2025 701 2077 ignoras,
715 2027 773 2076 trium

39 2093 112 2135 dierum
130 2095 167 2134 iter
186 2094 279 2146 populum
296 2105 352 2133 suum
371 2093 461 2145 progredi
481 2105 503 2134 ae
524 2095 561 2134 sibi
582 2094 691 2135 sacrificare
709 2095 771 2145 jubet,

39 2163 113 2213 quando
129 2163 151 2202 ab
166 2175 190 2201 eo
205 2166 302 2212 tempore,
323 2173 360 2213 quo
375 2163 483 2214 Aegyptum
495 2161 563 2202 ludaei
581 2167 686 2210 venerunt,
706 2176 738 2205 res
754 2164 773 2204 ei

39 2230 101 2273 divina
115 2243 154 2271 non
168 2230 218 2271 iaota
233 2233 267 2270 est.
289 2229 326 2269 Hie
341 2229 409 2269 sinos
424 2242 464 2269 non
479 2229 586 2278 dimiseris,
602 2234 676 2284 maguis
690 2238 710 2274 te
724 2234 773 2273 eata-

38 2301 133 2343 mitatibus
149 2299 221 2340 obruet.
250 2297 307 2348 Quod
321 2298 378 2350 hujus
397 2298 480 2340 numinis
499 2311 582 2346 nomen,
605 2300 772 2353 praepotentia?
815 2354 817 2356 η

39 2370 120 2421 subjecit
133 2370 213 2410 Pharao.
243 2369 294 2408 Caeli
310 2372 329 2409 et
342 2373 404 2409 terrae
425 2372 513 2414 creator,
535 2368 584 2408 lueis
604 2373 623 2409 et
643 2370 771 2419 tenebrarum,

38 2439 96 2481 maris
111 2442 131 2479 et
144 2435 208 2478 aridae
223 2440 299 2483 auctor,
323 2436 384 2489 inquit
397 2435 475 2482 Moses,
499 2436 531 2488 qui
549 2440 569 2475 te
589 2450 660 2490 resque
680 2443 722 2480 tuas
737 2452 772 2492 pro

38 2508 91 2550 libito
107 2508 127 2549 in
141 2508 238 2560 pulverem
257 2505 337 2559 rediget.
365 2507 424 2546 Iratus
439 2505 523 2552 Pharao,
544 2519 592 2559 ego,
613 2508 648 2553 ait,
668 2509 715 2547 mihi
735 2509 772 2559 ipsi

38 2578 91 2619 Deus
100 2589 149 2624 sum,
156 2576 187 2616 oui
196 2588 233 2616 nee
242 2579 281 2615 tota
286 2576 385 2628 Aegyptus
392 2586 458 2627 parem
469 2575 533 2623 habet,
542 2581 561 2618 et
571 2589 615 2617 eum
625 2577 675 2618 dicto
685 2578 730 2618 iilos
741 2589 773 2618 er-

38 2648 87 2695 pulit
100 2659 122 2686 ac
137 2646 208 2697 populo
221 2647 307 2696 grauiora
321 2657 380 2685 onera
389 2645 491 2695 imposnim
501 2645 545 2686 ideo
555 2646 607 2686 Deus
618 2645 687 2687 decern
696 2647 772 2700 Aegyp-

39 2715 78 2755 tum
85 2713 147 2768 plagis
154 2713 256 2766 percussit,
265 2724 313 2766 quae
319 2716 416 2765 reputatae
424 2717 469 2754 sunt
474 2713 525 2753 sicut
530 2712 623 2753 ducentae
629 2701 771 2766 auinquaginta.

96 2788 112 2824 t.
141 2782 223 2824 Adduxit
238 2793 296 2835 snper
311 2794 345 2824 eos
359 2784 435 2836 plagam
450 2784 559 2837 sanguinis,
579 2783 623 2836 quia
642 2782 772 2835 impediebant

39 2849 127 2904 Aegyptii
141 2853 232 2894 mulieres
246 2852 328 2894 iudaeas
344 2853 469 2913 abaptismo.
767 2870 768 2873 ¹
