1807 3145
347 174 373 209 lie
383 178 436 213 morte
447 173 504 212 illusis.
677 148 678 151 Ἴ
751 176 790 215 343

61 296 133 343 moses,
149 306 221 346 quaeso
235 294 327 340 Domine,
343 294 385 335 sine
399 306 430 333 me
444 298 514 335 terram
528 293 612 345 ingredi,
631 295 651 335 in
665 305 727 345 eaque
741 291 790 332 dnos

61 366 92 403 aut
106 354 145 402 tres
160 373 220 403 annos
235 363 311 402 morari.
342 363 377 401 De.
391 363 454 401 Antea
468 362 566 400 decretum
581 366 616 405 est,
630 367 649 400 te
664 374 703 400 non
716 362 791 410 ingrcs-

61 442 131 472 surum.
160 430 211 472 illos.
232 430 306 471 Saltem
323 431 399 469 mortno
416 428 492 482 ingredi
506 428 581 470 liceat
596 428 631 468 lle.
651 428 691 469 Nec
706 431 789 472 uterino,

60 512 96 539 nec
118 500 161 540 vivo
182 501 233 540 licet.
262 499 312 539 Mos.
336 498 365 537 Tu
387 509 430 536 eum
451 498 543 538 creaturis
562 498 599 538 tuis
615 498 718 538 clementer
733 508 789 549 agere

60 567 126 612 soles,
142 567 210 619 quihus
224 568 266 614 bis,
281 571 334 606 terre
349 565 498 617 parciacum
512 567 554 617 ipse
568 571 648 608 testatus
664 578 697 605 es:
708 565 789 605 vHaec

60 638 149 677 emnia
169 636 254 678 iactet
268 636 335 675 Deus
353 639 391 674 ter
411 646 462 675 cum
475 635 585 676 homine.
608 633 655 676 ltlilri
670 633 694 673 oh
709 633 789 673 unicum

59 708 159 759 peccatum
174 711 291 751 succenses,
307 702 338 741 cui
352 702 428 756 reniam
442 715 507 755 negas.
535 704 570 743 lle.
585 703 673 749 Falleris,
689 713 722 741 sea
737 701 789 739 enim

58 776 138 823 peccata
151 772 246 823 peccasti,
267 784 315 822 qaae
334 771 369 811 tibi
383 771 474 811 hactenus
489 772 574 814 indicare
585 780 628 812 'raon
641 771 718 822 placuit.
746 768 787 810 Pri-

58 853 110 881 mum
125 853 148 882 eo
163 840 218 880 loco:
238 840 364 883 Mittendo
383 848 482 893 quaeso
499 842 524 880 in
543 852 618 880 manu
636 839 736 886 mittes,
752 844 789 878 etc·

59 909 180 950 Secundum:
194 909 254 951 Veni
269 908 296 948 ad
310 908 466 951 Pharaonem.
495 909 591 947 Tertium:
607 909 657 948 Non
671 908 788 946 Dominus

58 978 125 1017 mis'it
143 989 184 1015 me.
214 978 316 1025 Quartum:
336 976 363 1015 Et
383 977 403 1016 si
424 977 577 1015 creationem
597 976 693 1016 creabit
711 976 789 1014 Domo

57 1056 107 1085 nus.
137 1044 240 1093 Quintum:
260 1043 350 1086 Audite
371 1044 486 1084 rebelles.
522 1043 614 1085 Sextum:-
635 1044 788 1085 Surrexistis

56 1115 225 1167 propulsibus
239 1113 331 1155 vestris
347 1114 477 1164 generatio
488 1113 611 1153 hominum
622 1116 788 1164 pcccatorum.

56 1182 195 1228 Ahrahamum,
216 1184 269 1222 Isaac
289 1187 309 1223 et
328 1182 388 1223 Jacob
409 1187 523 1232 peccatores
541 1182 601 1221 inisse
621 1187 686 1234 putas,
708 1183 789 1234 quorum

56 1249 106 1288 filios
121 1250 150 1290 sie
165 1249 284 1300 alloqueris?
312 1250 362 1291 Mos.
377 1250 420 1289 Hoc
435 1254 477 1288 ate
492 1249 550 1287 didici
564 1249 656 1295 Domine,
672 1250 704 1300 qui
718 1250 789 1299 primus

56 1318 129 1358 dixisti:
150 1317 287 1357 Thurihnla
307 1322 467 1368 peccatorum
488 1316 512 1357 iu
532 1317 658 1358 animabus
672 1319 787 1370 ipsorum.

56 1388 91 1426 De.
113 1387 138 1426 ln
159 1387 286 1427 animabus
308 1385 357 1431 diri,
377 1398 416 1424 non
436 1387 460 1425 in
479 1384 604 1425 Patribus.
636 1386 686 1426 Mos.
700 1386 788 1435 Domine,

56 1466 92 1503 ego
108 1454 162 1492 solus
178 1465 232 1498 sum,
252 1453 312 1492 lsra‘e'l
327 1466 372 1493 vero
388 1453 484 1504 sexaginta
498 1453 593 1503 myriadas
606 1458 705 1499 numerat,
721 1454 786 1493 atille

59 1521 136 1572 saepius
150 1521 262 1572 gravissima
273 1525 352 1576 peccata
364 1521 465 1565 commisit,
482 1532 536 1570 qnae,
550 1534 585 1572 pro
600 1522 694 1561 immensa
705 1520 790 1559 bonitate

58 1593 96 1635 tua,
110 1588 201 1640 precibus
216 1588 265 1628 meis
280 1587 400 1634 condonasti,
415 1598 439 1627 an
453 1592 473 1627 tu
487 1587 511 1626 ad
524 1591 594 1628 tantam
608 1589 748 1629 multitudinem
760 1600 790 1627 re-

59 1657 134 1707 spicis?
147 1656 203 1695 unius
219 1667 264 1696 vero
280 1666 345 1695 curam
359 1667 398 1694 non
412 1655 487 1695 habos?
515 1656 550 1695 De.
564 1656 633 1696 Nescis
647 1656 788 1696 multitudinem

58 1727 114 1766 nnius
134 1725 217 1764 hominis
238 1723 261 1763 ad
281 1724 341 1763 instar
359 1736 399 1762 nora
415 1724 504 1773 judicari.
532 1725 575 1763 Huc
592 1728 654 1776 usque
672 1732 748 1776 tempus
766 1727 787 1764 in

58 1806 115 1834 manu
130 1798 161 1833 tua
175 1792 216 1839 luit,
231 1804 282 1831 nunc
297 1791 341 1831 ahit.
369 1791 419 1833 lidos.
433 1792 528 1838 Domine,
544 1791 642 1833 descende
657 1793 681 1834 de
695 1794 744 1834 solio
757 1793 788 1844 J'u·

58 1862 121 1902 s‘titiae
135 1865 189 1908 tuae,
211 1866 231 1901 et
245 1861 264 1900 iu
278 1861 312 1899 illo
328 1861 441 1901 clementiae
456 1869 534 1901 causam
547 1874 610 1903 meam
623 1868 694 1904 tractat
715 1875 786 1914 quaeso

57 1943 81 1971 ne
96 1930 172 1976 moriar,
186 1929 306 1981 remittantur
320 1929 366 1967 milri
381 1929 447 1968 omnia
458 1934 537 1981 peccata
551 1942 600 1976 mea,
616 1942 697 1981 qnorum
711 1932 731 1970 in
744 1943 785 1970 cor-

56 2010 104 2048 pore
118 2008 191 2047 poenas
211 1997 280 2040 feram;
302 1997 319 2033 si
338 2009 369 2034 me
383 1998 458 2046 Angeia
476 1998 543 2036 mortis
562 2011 600 2037 non
615 1999 728 2044 tradideris,
749 1997 785 2049 ego

56 2063 123 2104 laudes
142 2069 184 2103 tuas
205 2062 293 2102 omnibus
311 2064 398 2103 narrabo.
434 2065 468 2104 De.
483 2064 535 2105 Haec
550 2064 574 2105 ad
588 2078 619 2106 me
632 2070 687 2118 porta
701 2071 741 2112 est,
763 2064 787 2104 ad

57 2146 99 2175 cain
111 2134 160 2185 J'usn
173 2133 261 2179 venient,
284 2132 409 2184 omnibusque
424 2134 462 2173 hoc
476 2133 670 2187 expeditg—llioses
685 2138 705 2174 nt
719 2146 788 2185 preces

57 2214 102 2243 suas
124 2202 196 2254 negligi
210 2201 267 2247 vidit,
283 2202 307 2241 ad
322 2202 421 2241 Oceanum
438 2215 544 2243 conversus
559 2208 594 2243 est.
621 2204 703 2244 Atille:
723 2195 800 2244 nonne*

56 2274 76 2308 tu
90 2269 140 2309 tilius
155 2270 234 2309 dmram
249 2281 281 2314 es,
304 2270 336 2319 qui
351 2281 382 2310 me
397 2270 449 2321 virga
462 2276 579 2320 percussum
592 2272 695 2311 duodecim
713 2273 786 2311 invias

55 2337 140 2382 scidisti,
163 2349 198 2387 ego
214 2337 248 2375 tibi
263 2336 357 2376 obsistere
372 2350 411 2376 non
424 2338 487 2388 potui,
503 2337 578 2390 quando
594 2337 689 2378 anemis
704 2339 741 2378 tuis
757 2338 784 2378 di-

54 2407 122 2446 uinitas
143 2404 217 2450 aderat,
240 2404 290 2443 sicut
310 2404 408 2443 scribitur:
423 2405 560 2445 'Ambulans
582 2406 692 2446 adertra
706 2405 785 2447 Masis

54 2474 181 2513 brachium
196 2471 296 2511 decoris
308 2471 360 2522 ejus
371 2472 488 2513 scindens
503 2485 567 2514 mare
582 2486 664 2515 coram
677 2476 738 2524 illis,
750 2482 786 2518 etc.

54 2541 109 2582 Nune
124 2541 169 2593 quid
184 2538 293 2581 caessaris?
321 2539 389 2580 llloses
402 2544 423 2580 ut
437 2553 470 2586 ea,
486 2553 535 2594 quae
548 2541 625 2593 juvenis
640 2544 734 2596 gesserat,
747 2556 787 2584 me·

54 2613 115 2651 moria
130 2612 216 2663 repetiit:
231 2609 285 2661 qais,
299 2610 363 2661 inquit
382 2622 426 2649 cum
440 2609 486 2651 lletu
501 2623 523 2651 ac
539 2613 632 2660 clamore,
647 2616 724 2666 elapsos
739 2614 786 2654 milri

54 2692 132 2720 menses
154 2685 174 2720 et
193 2679 315 2731 praeteritam
335 2679 417 2720 numinis
439 2681 518 2722 tutelam
539 2683 644 2725 restituet?
679 2683 733 2724 Tuae
754 2677 785 2724 me

55 2748 107 2787 orbis
122 2752 188 2799 regem
202 2746 261 2786 luisse
276 2749 359 2794 memini,
375 2749 444 2788 ductus
458 2755 502 2788 tuos
518 2750 604 2797 calcavi,
618 2765 670 2791 nunc
683 2753 784 2802 lachrymis

54 2826 76 2854 ac
90 2816 179 2868 precibus
194 2814 258 2855 amnia
271 2814 341 2866 tango,
363 2827 400 2856 nec
420 2817 459 2858 ulla
478 2818 517 2858 mei
537 2829 582 2860 cura
603 2825 696 2871 superest.
724 2820 783 2871 Igitur
817 2833 820 2834 ⁷
