1758 3137
230 187 232 192 ν
268 169 297 203 lat,
311 178 359 201 versa
370 179 379 200 a
391 169 436 201 llioln
449 169 538 201 Laterense.
738 166 768 211 ⁴53

39 286 89 337 tnrrgi
103 289 187 323 nostram
202 282 346 334 quaestionem,
366 287 386 322 ut
401 267 448 334 dirae
464 284 483 322 in
496 283 533 322 hoe
547 283 606 323 unice
617 288 709 329 vertatur,
724 294 770 323 num

40 352 108 395 Christi
127 355 147 391 et
166 339 242 402 spiritus
263 351 323 389 sancti
343 349 404 391 divina
426 355 492 390 natura
513 352 538 391 sit
560 364 582 391 er
603 351 687 391 Platonis
708 351 770 404 pbilo-

40 421 104 470 sophia
123 421 190 459 liausta
211 425 229 458 et
248 420 268 456 in
287 418 401 468 religionem
421 413 547 457 Christianam
568 419 646 458 inducta
660 422 742 470 primum
758 432 768 457 a

39 489 113 528 tustino
131 487 224 538 lilartyre,
248 498 321 537 pagano
337 498 443 532 converso,
465 487 496 537 qui
516 487 580 527 medio
600 488 667 528 seculo
683 487 769 526 secundo

39 556 96 599 uixit?
128 556 153 595 rlt
166 555 204 594 boo
217 555 279 605 ipsum
294 553 362 594 falsum
377 566 427 600 esse,
444 566 492 606 quae
512 567 569 607 supra
589 556 654 602 retuli,
675 555 770 595 abunden-

40 632 67 666 ter
81 624 128 662 mihi
141 623 229 664 videntur
242 622 313 661 testari.
531 614 533 616 ’

92 690 150 729 Liber
169 689 288 739 apocryphus
310 689 378 737 procul
400 689 457 727 dubio
478 689 547 727 adduci
565 695 629 740 potest
648 690 671 728 ad
692 690 770 728 demon-

40 756 145 804 strandum,
161 757 261 808 opiniones
276 755 368 807 quasdam
378 751 400 795 ea
411 761 482 803 aetate,
499 767 535 808 qaia
550 757 668 807 compositus
683 762 722 804 est,
739 769 770 796 ex-

40 828 116 872 stitisse,
133 824 217 876 quamvis
230 824 294 874 ipsae,
310 824 361 862 sicui
375 835 442 863 omnes
457 829 543 871 ceterae
555 825 679 864 adamussim
690 827 771 875 scriptu-

39 905 70 931 rae
89 896 145 942 atque
159 891 237 928 rationis
252 890 387 927 examinandae
401 891 444 927 sint.
479 890 546 929 Utrum
566 904 600 940 per
621 903 642 929 se
662 891 770 930 haereticae

40 961 77 999 sint
96 970 169 1002 neone,
189 958 247 1007 longe
262 956 335 997 diversa
350 961 380 996 est
394 959 486 1007 quaestio.
521 956 616 999 Unitarios
631 970 677 999 vero
692 958 770 997 minime

40 1027 96 1065 dceet
113 1024 189 1064 talibus
208 1023 337 1075 praetextibus
358 1023 397 1069 nti,
420 1025 488 1077 quippe
509 1026 540 1075 qui
561 1016 711 1064 ambitiosissimi
733 1024 771 1063 sint

38 1095 58 1132 in
72 1092 209 1145 convertendis
224 1103 281 1142 quam
294 1090 420 1131 blandissime
434 1092 467 1139 iis,
487 1105 536 1143 quae
551 1093 582 1132 alii
597 1106 683 1140 errores,
705 1094 725 1134 in
740 1105 769 1138 ea,

40 1173 88 1213 quae
103 1161 140 1212 ipsi
158 1159 215 1199 iidem
229 1171 299 1199 uocare
319 1160 390 1204 solent,
413 1166 432 1200 et
451 1161 526 1200 haeresi
545 1152 689 1212 proscripta'in
708 1162 771 1200 ortho-
815 1173 817 1175 ·

39 1228 113 1267 doniam
129 1228 237 1277 genuinam.

48 1317 51 1324 f
94 1295 182 1333 Alienum
197 1304 208 1331 a
221 1294 320 1342 proposito
335 1296 401 1331 nostro
417 1299 455 1338 est,
477 1295 666 1339 uerumdoetrinae,
683 1307 731 1345 quae
747 1308 770 1334 er

39 1360 148 1414 apocrypho
158 1359 195 1399 hoo
210 1363 289 1399 tractatu
305 1358 374 1399 deduci
388 1363 457 1411 potest,
473 1361 559 1400 colorem
573 1362 693 1413 investigare
719 1363 770 1402 Atta-

39 1442 136 1470 mennon
156 1440 235 1480 possum
250 1441 288 1467 non
309 1427 384 1473 dicere,
405 1440 476 1474 exeo,
498 1429 549 1479 quod
562 1430 654 1469 haeretiei
668 1431 732 1481 ipsum
747 1430 771 1470 ad

15 1522 18 1530 -
39 1511 115 1539 errores
135 1509 181 1537 suos
200 1496 331 1536 defendendos
345 1496 431 1546 proferre
452 1497 537 1543 soleant,
557 1510 596 1536 non
617 1498 771 1537 concludendum
806 1539 810 1550 J

39 1578 89 1612 esse,
105 1565 212 1616 quonipse
226 1565 334 1608 haereticus
348 1565 382 1609 sit;
402 1565 448 1603 satis
464 1564 515 1603 enim
529 1565 645 1614 experientia
660 1566 770 1610 edocemur,

41 1644 79 1670 non
89 1631 214 1683 apocryphos,
230 1630 264 1669 sed
279 1631 334 1669 etiam
349 1631 453 1683 cartonioos
468 1632 573 1680 scripturae
582 1631 641 1685 libros
651 1633 671 1669 in
681 1633 771 1669 similium

39 1711 102 1738 rerum
117 1699 206 1738 aumlium
221 1698 313 1737 adductos
332 1702 351 1735 et
364 1710 398 1747 pro
414 1698 660 1748 opinionumfundamento
676 1698 770 1738 adhibitos

40 1777 95 1811 esse,
111 1777 149 1805 rron
162 1766 225 1804 minus
240 1764 376 1810 absurdarum,
392 1775 448 1815 quam
462 1764 547 1803 moribus
562 1764 666 1819 noxiarum.
695 1764 769 1812 Quibus

39 1834 108 1873 addere
127 1833 184 1873 velim
203 1832 227 1871 ad
245 1831 377 1870 illustrandum
398 1831 514 1882 singularem
528 1831 602 1876 locum⁷
625 1843 662 1882 qrto
677 1832 736 1872 Filius
752 1837 770 1872 et

39 1901 116 1952 spiritus
133 1903 211 1939 sanetus
230 1899 293 1937 Deum
315 1897 394 1936 adorare
415 1902 434 1935 et
457 1893 581 1936 collaudare¹
597 1897 695 1944 dicuntur,
721 1900 770 1937 hunc

38 1967 131 2006 honorem
152 1966 217 2019 abiis
237 1964 329 2014 praestari
349 1967 371 2002 ut
391 1964 418 2003 ab
440 1964 554 2015 angelis,
577 1976 620 2003 cunt
639 1965 695 2004 ambo
716 1969 770 2005 antea

8 2073 10 2077 ,
38 2027 118 2073 formam
131 2034 235 2082 argolicam
245 2025 395 2076 assnrnsei·int,'²
414 2036 433 2071 et
447 2032 482 2072 hae
496 2032 558 2071 forma
566 2031 628 2084 induti
638 2035 715 2072 ornnem
726 2033 770 2072 cho-

20 2097 23 2101 ’
39 2114 81 2140 rum
96 2100 200 2140 coelestem
219 2099 345 2151 praecedant,
368 2100 400 2149 qui
422 2100 485 2139 statim
499 2105 567 2150 postea
581 2099 650 2139 dicitur
663 2100 726 2139 Deum
740 2113 770 2152 ap-

5 2159 7 2162 ’
39 2169 176 2218 propinquare,
200 2167 279 2204 adorare
301 2170 320 2203 et
342 2166 456 2203 collaudare.
495 2166 553 2222 Quod
573 2167 679 2206 Matthaeus
701 2173 772 2211 narrat,

40 2235 173 2286 Redemtorem
194 2237 291 2277 nostrum⁷
314 2236 339 2270 ut
360 2232 488 2271 hominem
509 2234 579 2273 inter
600 2234 730 2279 homines7
751 2236 771 2273 in

40 2302 94 2341 horto
114 2301 241 2341 Gethsemane
263 2299 314 2338 humi
328 2299 456 2349 procubuisse
471 2304 490 2339 et
505 2300 579 2340 Patrem
594 2313 650 2340 suum
665 2301 770 2341 coelestem

84 2442 103 2482 1)
116 2440 154 2483 Cap,
164 2440 193 2479 IX,
206 2438 232 2470 40.
268 2437 287 2478 2)
299 2437 376 2472 Dilectus
388 2438 465 2470 distinete
481 2439 541 2471 dieitur·
552 2444 624 2472 titillatus
633 2443 719 2482 [uetusque
729 2440 771 2472 sieut

40 2495 112 2538 diapolita.
134 2494 214 2537 captu,
231 2492 257 2526 30.
289 2493 310 2525 Et
322 2503 342 2526 ex
354 2498 431 2526 contextu
443 2501 523 2537 apparet,
541 2495 628 2536 secundnm
640 2488 726 2539 angelum,
743 2496 770 2539 qui

40 2561 55 2583 v.
60 2549 92 2584 35..
99 2555 203 2590 rrrernoratm,
213 2561 221 2582 a
228 2550 293 2582 sinistra
298 2548 357 2581 llileeti
365 2559 414 2581 nranu
419 2554 495 2590 stantem,
503 2552 573 2584 eundem
580 2560 616 2583 esse
622 2561 657 2584 curri
664 2551 733 2595 gloriosa
740 2560 771 2584 ua-

40 2611 87 2648 tum,
104 2619 146 2651 quae
164 2606 274 2639 antecedente
290 2614 338 2638 uersu
352 2595 415 2638 dieitur
424 2606 493 2640 adorata
509 2612 526 2639 et
539 2606 631 2640 collaudata
650 2617 690 2640 esser
724 2606 770 2640 Nulla
812 2640 814 2642 ,

40 2665 106 2706 propria
118 2665 182 2706 species
194 2663 239 2706 prius
251 2661 325 2695 alterutri
332 2662 414 2694 tribuitur.
432 2663 505 2696 Dilectus
516 2663 612 2706 simpliciter
624 2663 770 2703 utisdeserihitur,

41 2719 86 2760 euius
100 2721 152 2765 gloria
167 2721 222 2754 omnia
233 2728 291 2763 magna
303 2722 320 2751 et
331 2717 411 2752 mirabilia
423 2724 498 2763 superet,
513 2725 529 2753 et
540 2721 606 2763 spriritus
618 2726 684 2754 sanct-us
695 2725 712 2753 ut
721 2719 770 2754 altera

41 2781 97 2810 natine
109 2778 181 2821 gloriosa
193 2787 228 2810 euin
241 2776 267 2809 illo
279 2784 352 2808 versans.
394 2766 396 2769 ’
725 2776 727 2779 “
