1807 3145
122 198 162 241 ror
432 198 471 235 una
487 172 558 235 uerior.

176 315 229 359 Haec
242 316 269 357 ita
283 316 328 357 dum
342 312 443 370 gererent,
457 328 522 358 rumor
537 315 628 357 discurrit
640 315 711 367 ubique

119 390 140 429 ln
155 387 247 428 Calidone
261 399 332 428 novum
346 387 400 427 silvis
414 399 515 437 erumpere
529 387 613 431 fontem,

121 455 250 508 Sanctamque
264 456 336 507 virum,
351 459 452 507 postquam
466 453 575 505 potavitab
592 453 637 498 illo,

120 525 217 577 Tempore
232 525 264 577 qui
278 524 338 565 multo
349 510 405 565 rabie
420 527 532 576 corruptus,
548 525 567 563 et
580 520 643 562 isdem

119 594 211 635 Extiterat
224 593 276 633 silvis
290 593 328 634 ritu
342 593 424 635 vivendo
439 593 526 632 ferarum.

119 660 166 701 Mor
179 661 235 712 igitur
249 672 320 701 venere
334 661 394 708 duces
408 670 539 712 proceresque
553 657 630 704 videre,

120 724 143 771 llt
157 728 255 771 collaetari
270 733 335 771 curato
349 727 428 770 flumine
441 729 484 771 rati.

121 797 207 849 Cumque
222 801 291 839 statum
304 797 376 850 patriae
389 811 424 850 per
439 796 514 849 singula
528 794 670 838 oouficassem,

119 865 183 915 Atque
196 869 296 917 rogaretur
310 877 344 906 sua
358 870 434 917 sceptra
447 876 546 905 resumere
560 873 626 902 rursus

119 931 143 971 ut
156 935 237 973 tractare
252 944 307 973 suam
320 932 377 973 solito
392 931 522 973 moderamine
536 934 624 982 gentem,

121 998 155 1039 Sic
169 1000 203 1041 ait:
219 1001 249 1048 „0
261 995 353 1050 juvenes!
369 1012 411 1041 mea
425 1012 464 1041 non
478 1000 516 1040 hou
531 998 588 1050 erigit
602 1000 653 1037 aetas

119 1068 141 1109 ln
156 1068 231 1109 senium
244 1080 335 1122 vergens,
352 1080 399 1121 quae
414 1068 443 1109 sic
457 1067 504 1108 milri
519 1065 597 1117 corripit
612 1067 684 1110 artus,-

119 1134 145 1175 Ut
158 1137 189 1177 vix
201 1140 321 1188 praeteream
335 1137 401 1177 laxatis
416 1136 486 1177 viribus
501 1146 550 1176 erra.

120 1202 162 1243 lam
176 1204 222 1244 setis
237 1204 292 1256 exegi
305 1204 398 1256 longaevo
413 1208 501 1255 tempore
515 1202 576 1241 laetos

75 1325 77 1327 v
120 1269 249 1313 Glorifieando
264 1272 317 1320 dies,
332 1273 377 1313 milri
392 1272 437 1313 dum
451 1271 523 1312 rideret
536 1267 634 1310 abundans

120 1344 181 1395 eopia
194 1354 305 1396 magnarum
318 1343 396 1394 profuse
414 1341 531 1383 diviciarum.

119 1410 202 1451 Roboris
217 1410 284 1451 annosi
299 1410 346 1450 silva
361 1414 397 1450 stat
412 1420 494 1462 quercus
508 1409 529 1447 in
543 1408 590 1452 ista,

120 1477 184 1527 Quam
198 1480 227 1520 sic
241 1478 434 1537 exegitconsumens
449 1480 518 1518 cuncta
532 1477 628 1520 vetustas,

118 1547 145 1588 Ut
159 1548 196 1588 sihi
210 1548 286 1594 deficiat
299 1560 382 1595 succus,
396 1547 512 1599 penitusque
526 1546 628 1598 putrescat.

119 1616 174 1656 Hanc
189 1629 226 1668 ego
241 1628 284 1655 cum
299 1616 381 1666 primum
395 1615 494 1665 coepisset
508 1625 598 1654 erescere
611 1610 661 1657 vidi,

119 1682 143 1723 Et
157 1682 245 1736 glandem
260 1682 283 1722 de
299 1693 335 1734 qua
349 1683 445 1734 processit
458 1681 506 1722 forte
523 1680 631 1727 cadentem,

119 1750 170 1791 Dum
184 1762 242 1804 super
255 1754 325 1791 astaret
338 1750 394 1803 picus
408 1761 520 1802 ramumque
534 1748 617 1795 videret,

119 1816 156 1857 Hic
170 1817 222 1858 illam
237 1820 322 1859 creuisse
337 1830 373 1858 suo
385 1818 425 1874 jam
439 1830 489 1869 pene
504 1817 597 1857 sedebam

120 1886 200 1939 Singula
213 1888 343 1940 prospiciens,
358 1893 403 1928 tune
418 1893 438 1928 et
450 1886 530 1929 verebar
542 1886 562 1926 in
576 1885 619 1926 istis

120 1953 204 1997 Saltibus
219 1959 276 2007 atque
289 1956 355 1995 locum
369 1956 450 1996 memori
465 1966 509 1996 cum
523 1958 587 1995 mente
601 1952 671 1995 notari.

119 2023 169 2076 Ergo
184 2024 278 2071 diurni,
293 2037 336 2065 mea
350 2037 381 2065 me
396 2024 486 2077 grauitate
501 2029 590 2065 senectus

118 2093 206 2134 Detinuit
219 2092 302 2139 dudum,
316 2104 383 2134 rursus
397 2105 477 2145 regnare
491 2105 567 2134 recuso.

119 2160 152 2200 Me
167 2161 264 2216 Gallionis
279 2173 327 2211 opes
341 2161 395 2202 viridi
409 2162 445 2201 sub
459 2162 527 2201 fronde
541 2166 651 2201 manentem

120 2216 222 2267 Delectant
235 2227 305 2278 potius,
321 2240 377 2280 quam
392 2241 438 2279 quas
451 2230 488 2269 lert
501 2229 554 2269 lndia
569 2242 661 2281 gemmae,

121 2292 183 2342 Quam
198 2293 250 2347 quod
263 2294 334 2336 hebere
348 2294 412 2349 Tagus
426 2308 461 2348 per
474 2296 539 2337 littora
553 2296 622 2336 dicitur
640 2307 717 2343 aurum,

121 2361 183 2410 Quam
197 2368 274 2415 segetes
289 2364 377 2411 Siculae,
393 2374 449 2417 quam
464 2361 525 2405 dulcis
539 2366 631 2407 Methidis
645 2378 704 2411 uuae,

119 2429 159 2469 Aut
172 2430 236 2470 celsae
249 2434 312 2472 turres
327 2436 358 2472 aut
373 2433 447 2473 cinctae
461 2433 562 2473 moenibus
576 2433 644 2480 urbes,

119 2497 324 2550 Autiraglascentes1
338 2499 391 2541 Tirio
406 2500 533 2543 medicamine
547 2507 618 2543 vestes.

120 2565 158 2606 Res
173 2566 221 2606 mihi
235 2565 287 2607 nulla
300 2568 364 2619 placet
377 2566 428 2609 me2
442 2581 491 2621 quae
506 2569 597 2611 diuellere
611 2570 673 2621 possit

119 2631 165 2671 Eri
180 2630 271 2675 Calidone
285 2646 340 2681 mea,
355 2648 386 2675 me
398 2635 464 2686 judice
479 2649 555 2688 semper
570 2648 655 2676 amoena.

120 2725 272 2733 ----.-.....

165 2785 183 2832 1)
195 2786 223 2823 Sic
233 2797 263 2823 ms.
286 2787 306 2831 2]
324 2789 351 2825 Sic
368 2800 382 2826 c.
394 2789 412 2835 2,
424 2790 510 2833 agen.
526 2803 580 2838 quae
597 2803 640 2845 mc,
658 2804 674 2830 c.
692 2791 707 2827 1.
730 2790 750 2835 3)
766 2793 850 2832 Acadi-

120 2843 190 2880 dttne.
202 2856 217 2883 e.
229 2850 246 2887 2,
258 2845 278 2878 R.
290 2854 308 2882 el
318 2848 338 2882 H.
