<?xml version="1.0" encoding="UTF-8"?>
<!DOCTYPE html PUBLIC "-//W3C//DTD XHTML 1.0 Transitional//EN"
    "http://www.w3.org/TR/xhtml1/DTD/xhtml1-transitional.dtd">
<html xmlns="http://www.w3.org/1999/xhtml" xml:lang="en" lang="en">
 <head>
  <title>
</title>
<meta http-equiv="Content-Type" content="text/html;charset=utf-8" />
  <meta name='ocr-system' content='tesseract 3.04.00' />
  <meta name='ocr-capabilities' content='ocr_page ocr_carea ocr_par ocr_line ocrx_word'/>
</head>
<body>
  <div class='ocr_page' id='page_1' title='image "./MN41907ucmf_4_0090.png"; bbox 0 0 1758 3137; ppageno 0'>
   <div class='ocr_carea' id='block_1_1' title="bbox 84 260 645 306">
    <p class='ocr_par' dir='ltr' id='par_1_1' title="bbox 84 260 645 306">
     <span class='ocr_line' id='line_1_1' title="bbox 84 260 645 306; baseline 0.007 -14"><span class='ocrx_word' id='word_1_1' title='bbox 84 293 87 302; x_wconf 34' lang='grc' dir='ltr'><strong><em>ι</em></strong></span> <span class='ocrx_word' id='word_1_2' title='bbox 124 267 150 306; x_wconf 71' lang='lat'><strong>53</strong></span> <span class='ocrx_word' id='word_1_3' title='bbox 341 260 385 295; x_wconf 87' lang='lat' dir='ltr'><strong>Visio</strong></span> <span class='ocrx_word' id='word_1_4' title='bbox 396 261 474 295; x_wconf 86' lang='lat' dir='ltr'><strong>mirabilis</strong></span> <span class='ocrx_word' id='word_1_5' title='bbox 485 261 538 296; x_wconf 83' lang='lat' dir='ltr'><strong>isaiae</strong></span> <span class='ocrx_word' id='word_1_6' title='bbox 549 262 645 305; x_wconf 82' lang='lat' dir='ltr'><strong>prophetae.</strong></span> 
     </span>
    </p>
   </div>
   <div class='ocr_carea' id='block_1_2' title="bbox 67 378 864 2728">
    <p class='ocr_par' dir='ltr' id='par_1_2' title="bbox 67 378 864 2728">
     <span class='ocr_line' id='line_1_2' title="bbox 123 378 854 430; baseline 0.004 -13"><span class='ocrx_word' id='word_1_7' title='bbox 123 381 154 418; x_wconf 86' lang='lat' dir='ltr'><strong>cni</strong></span> <span class='ocrx_word' id='word_1_8' title='bbox 165 380 260 418; x_wconf 83' lang='lat' dir='ltr'><strong>canticum</strong></span> <span class='ocrx_word' id='word_1_9' title='bbox 269 380 320 419; x_wconf 89' lang='lat' dir='ltr'><strong>istud</strong></span> <span class='ocrx_word' id='word_1_10' title='bbox 330 380 411 418; x_wconf 90' lang='lat' dir='ltr'><strong>missum</strong></span> <span class='ocrx_word' id='word_1_11' title='bbox 420 379 463 418; x_wconf 77' lang='lat' dir='ltr'><strong>est?</strong></span> <span class='ocrx_word' id='word_1_12' title='bbox 486 378 509 417; x_wconf 82' lang='lat' dir='ltr'><strong>llt</strong></span> <span class='ocrx_word' id='word_1_13' title='bbox 518 378 638 429; x_wconf 88' lang='lat' dir='ltr'><strong>respondeus</strong></span> <span class='ocrx_word' id='word_1_14' title='bbox 649 378 695 419; x_wconf 80' lang='lat' dir='ltr'><strong>dixit</strong></span> <span class='ocrx_word' id='word_1_15' title='bbox 704 380 760 420; x_wconf 88' lang='lat' dir='ltr'><strong>mihi:</strong></span> <span class='ocrx_word' id='word_1_16' title='bbox 775 391 854 430; x_wconf 87' lang='lat' dir='ltr'><strong>magnae</strong></span> 
     </span>
     <span class='ocr_line' id='line_1_3' title="bbox 124 433 854 504; baseline 0.003 -19"><span class='ocrx_word' id='word_1_17' title='bbox 124 447 196 497; x_wconf 84' lang='lat' dir='ltr'><strong>gloriae</strong></span> <span class='ocrx_word' id='word_1_18' title='bbox 205 447 249 493; x_wconf 79' lang='lat' dir='ltr'><strong>Dei,</strong></span> <span class='ocrx_word' id='word_1_19' title='bbox 265 449 297 498; x_wconf 86' lang='lat' dir='ltr'><strong>qni</strong></span> <span class='ocrx_word' id='word_1_20' title='bbox 311 450 340 486; x_wconf 89' lang='lat' dir='ltr'><strong>est</strong></span> <span class='ocrx_word' id='word_1_21' title='bbox 354 458 412 497; x_wconf 83' lang='lat' dir='ltr'><strong>srrper</strong></span> <span class='ocrx_word' id='word_1_22' title='bbox 426 433 527 496; x_wconf 86' lang='lat' dir='ltr'><strong>septimum</strong></span> <span class='ocrx_word' id='word_1_23' title='bbox 542 445 623 493; x_wconf 80' lang='lat' dir='ltr'><strong>coelum,</strong></span> <span class='ocrx_word' id='word_1_24' title='bbox 639 449 658 485; x_wconf 92' lang='lat' dir='ltr'><strong>et</strong></span> <span class='ocrx_word' id='word_1_25' title='bbox 671 444 710 486; x_wconf 87' lang='lat' dir='ltr'><strong>filio</strong></span> <span class='ocrx_word' id='word_1_26' title='bbox 721 445 762 496; x_wconf 79' lang='lat' dir='ltr'><strong>ejus</strong></span> <span class='ocrx_word' id='word_1_27' title='bbox 772 446 854 504; x_wconf 83' lang='lat' dir='ltr'><strong>Dilecto,</strong></span> 
     </span>
     <span class='ocr_line' id='line_1_4' title="bbox 123 510 855 564; baseline 0.004 -12"><span class='ocrx_word' id='word_1_28' title='bbox 123 513 173 552; x_wconf 80' lang='lat' dir='ltr'><strong>irride</strong></span> <span class='ocrx_word' id='word_1_29' title='bbox 188 525 225 564; x_wconf 88' lang='lat' dir='ltr'><strong>ego</strong></span> <span class='ocrx_word' id='word_1_30' title='bbox 239 515 310 555; x_wconf 88' lang='lat' dir='ltr'><strong>missus</strong></span> <span class='ocrx_word' id='word_1_31' title='bbox 326 525 369 560; x_wconf 88' lang='lat' dir='ltr'><strong>sum</strong></span> <span class='ocrx_word' id='word_1_32' title='bbox 383 514 407 553; x_wconf 91' lang='lat' dir='ltr'><strong>ad</strong></span> <span class='ocrx_word' id='word_1_33' title='bbox 421 519 444 553; x_wconf 89' lang='lat' dir='ltr'><strong>te.</strong></span> <span class='ocrx_word' id='word_1_34' title='bbox 473 513 496 553; x_wconf 85' lang='lat' dir='ltr'><strong>llt</strong></span> <span class='ocrx_word' id='word_1_35' title='bbox 509 514 579 554; x_wconf 89' lang='lat' dir='ltr'><strong>iterum</strong></span> <span class='ocrx_word' id='word_1_36' title='bbox 593 510 672 556; x_wconf 75' lang='lat' dir='ltr'><strong>eleuarit</strong></span> <span class='ocrx_word' id='word_1_37' title='bbox 685 527 717 554; x_wconf 88' lang='lat' dir='ltr'><strong>mc</strong></span> <span class='ocrx_word' id='word_1_38' title='bbox 733 516 753 554; x_wconf 88' lang='lat' dir='ltr'><strong>in</strong></span> <span class='ocrx_word' id='word_1_39' title='bbox 768 517 855 556; x_wconf 87' lang='lat' dir='ltr'><strong>secundo</strong></span> 
     </span>
     <span class='ocr_line' id='line_1_5' title="bbox 124 569 856 635; baseline 0.007 -15"><span class='ocrx_word' id='word_1_40' title='bbox 124 582 188 628; x_wconf 88' lang='lat' dir='ltr'><strong>coelo;</strong></span> <span class='ocrx_word' id='word_1_41' title='bbox 203 582 281 621; x_wconf 76' lang='lat' dir='ltr'>altitudo</span> <span class='ocrx_word' id='word_1_42' title='bbox 296 582 338 632; x_wconf 80' lang='lat' dir='ltr'><strong>ejus</strong></span> <span class='ocrx_word' id='word_1_43' title='bbox 354 588 394 623; x_wconf 90' lang='lat' dir='ltr'><strong>erat</strong></span> <span class='ocrx_word' id='word_1_44' title='bbox 408 585 457 622; x_wconf 86' lang='lat' dir='ltr'><strong>sicut</strong></span> <span class='ocrx_word' id='word_1_45' title='bbox 471 584 553 634; x_wconf 89' lang='lat' dir='ltr'><strong>aprimo</strong></span> <span class='ocrx_word' id='word_1_46' title='bbox 563 584 619 623; x_wconf 89' lang='lat' dir='ltr'><strong>coeio</strong></span> <span class='ocrx_word' id='word_1_47' title='bbox 629 569 691 635; x_wconf 85' lang='lat' dir='ltr'><strong>nsque</strong></span> <span class='ocrx_word' id='word_1_48' title='bbox 701 583 725 624; x_wconf 88' lang='lat' dir='ltr'><strong>ad</strong></span> <span class='ocrx_word' id='word_1_49' title='bbox 734 589 809 625; x_wconf 90' lang='lat' dir='ltr'><strong>terram.</strong></span> <span class='ocrx_word' id='word_1_50' title='bbox 831 586 856 625; x_wconf 89' lang='lat' dir='ltr'><strong>Et</strong></span> 
     </span>
     <span class='ocr_line' id='line_1_6' title="bbox 123 642 855 704; baseline 0.004 -15"><span class='ocrx_word' id='word_1_51' title='bbox 123 650 161 689; x_wconf 89' lang='lat' dir='ltr'><strong>vidi</strong></span> <span class='ocrx_word' id='word_1_52' title='bbox 168 650 200 694; x_wconf 87' lang='lat' dir='ltr'><strong>ibi,</strong></span> <span class='ocrx_word' id='word_1_53' title='bbox 215 651 266 689; x_wconf 90' lang='lat' dir='ltr'><strong>sicut</strong></span> <span class='ocrx_word' id='word_1_54' title='bbox 274 652 294 689; x_wconf 87' lang='lat' dir='ltr'><strong>in</strong></span> <span class='ocrx_word' id='word_1_55' title='bbox 303 652 365 701; x_wconf 82' lang='lat' dir='ltr'><strong>primo</strong></span> <span class='ocrx_word' id='word_1_56' title='bbox 374 651 436 695; x_wconf 87' lang='lat' dir='ltr'><strong>coelo,</strong></span> <span class='ocrx_word' id='word_1_57' title='bbox 452 651 528 689; x_wconf 78' lang='lat' dir='ltr'><strong>dextros</strong></span> <span class='ocrx_word' id='word_1_58' title='bbox 538 657 557 692; x_wconf 84' lang='lat' dir='ltr'><strong>ct</strong></span> <span class='ocrx_word' id='word_1_59' title='bbox 566 653 654 691; x_wconf 90' lang='lat' dir='ltr'><strong>sinistros</strong></span> <span class='ocrx_word' id='word_1_60' title='bbox 665 653 751 703; x_wconf 80' lang='lat' dir='ltr'>angelos,</span> <span class='ocrx_word' id='word_1_61' title='bbox 759 642 785 692; x_wconf 85' lang='lat' dir='ltr'><strong>et</strong></span> <span class='ocrx_word' id='word_1_62' title='bbox 795 653 855 704; x_wconf 89' lang='lat' dir='ltr'><strong>gloria</strong></span> 
     </span>
     <span class='ocr_line' id='line_1_7' title="bbox 123 710 854 770; baseline 0.003 -14"><span class='ocrx_word' id='word_1_63' title='bbox 123 710 204 756; x_wconf 87' lang='lat' dir='ltr'><strong>istorum</strong></span> <span class='ocrx_word' id='word_1_64' title='bbox 219 718 331 768; x_wconf 78' lang='lat' dir='ltr'><strong>angelorum</strong></span> <span class='ocrx_word' id='word_1_65' title='bbox 346 723 365 757; x_wconf 89' lang='lat' dir='ltr'><strong>et</strong></span> <span class='ocrx_word' id='word_1_66' title='bbox 379 717 475 756; x_wconf 79' lang='lat' dir='ltr'><strong>nauticum</strong></span> <span class='ocrx_word' id='word_1_67' title='bbox 489 718 594 758; x_wconf 73' lang='lat' dir='ltr'>excelsiora</span> <span class='ocrx_word' id='word_1_68' title='bbox 605 723 664 764; x_wconf 87' lang='lat' dir='ltr'><strong>erant,</strong></span> <span class='ocrx_word' id='word_1_69' title='bbox 680 730 736 770; x_wconf 86' lang='lat' dir='ltr'><strong>qrram</strong></span> <span class='ocrx_word' id='word_1_70' title='bbox 745 719 854 769; x_wconf 85' lang='lat' dir='ltr'><strong>primorum.</strong></span> 
     </span>
     <span class='ocr_line' id='line_1_8' title="bbox 122 781 855 833; baseline 0.001 -7"><span class='ocrx_word' id='word_1_71' title='bbox 122 787 146 827; x_wconf 81' lang='lat' dir='ltr'><strong>ut</strong></span> <span class='ocrx_word' id='word_1_72' title='bbox 160 784 222 826; x_wconf 89' lang='lat' dir='ltr'><strong>ceoidi</strong></span> <span class='ocrx_word' id='word_1_73' title='bbox 236 786 255 825; x_wconf 92' lang='lat' dir='ltr'><strong>in</strong></span> <span class='ocrx_word' id='word_1_74' title='bbox 270 786 339 826; x_wconf 84' lang='lat' dir='ltr'><strong>faciem</strong></span> <span class='ocrx_word' id='word_1_75' title='bbox 352 798 423 831; x_wconf 89' lang='lat' dir='ltr'><strong>meam,</strong></span> <span class='ocrx_word' id='word_1_76' title='bbox 438 789 459 825; x_wconf 86' lang='lat' dir='ltr'><strong>ut</strong></span> <span class='ocrx_word' id='word_1_77' title='bbox 473 781 573 826; x_wconf 83' lang='lat' dir='ltr'><strong>adorarem</strong></span> <span class='ocrx_word' id='word_1_78' title='bbox 588 798 640 833; x_wconf 83' lang='lat' dir='ltr'><strong>eum,</strong></span> <span class='ocrx_word' id='word_1_79' title='bbox 656 791 676 827; x_wconf 91' lang='lat' dir='ltr'><strong>et</strong></span> <span class='ocrx_word' id='word_1_80' title='bbox 689 800 728 826; x_wconf 86' lang='lat' dir='ltr'><strong>uon</strong></span> <span class='ocrx_word' id='word_1_81' title='bbox 743 787 814 826; x_wconf 77' lang='lat' dir='ltr'><strong>dimisit</strong></span> <span class='ocrx_word' id='word_1_82' title='bbox 824 799 855 827; x_wconf 89' lang='lat' dir='ltr'><strong>mc</strong></span> 
     </span>
     <span class='ocr_line' id='line_1_9' title="bbox 124 854 853 907; baseline -0.004 -12"><span class='ocrx_word' id='word_1_83' title='bbox 124 855 213 907; x_wconf 82' lang='lat' dir='ltr'><strong>angelus,</strong></span> <span class='ocrx_word' id='word_1_84' title='bbox 229 856 261 907; x_wconf 86' lang='lat' dir='ltr'><strong>qui</strong></span> <span class='ocrx_word' id='word_1_85' title='bbox 275 867 306 894; x_wconf 91' lang='lat' dir='ltr'><strong>me</strong></span> <span class='ocrx_word' id='word_1_86' title='bbox 319 854 430 899; x_wconf 84' lang='lat' dir='ltr'><strong>instruebat,</strong></span> <span class='ocrx_word' id='word_1_87' title='bbox 446 859 465 893; x_wconf 88' lang='lat' dir='ltr'><strong>et</strong></span> <span class='ocrx_word' id='word_1_88' title='bbox 479 854 524 893; x_wconf 79' lang='lat' dir='ltr'><strong>dixit</strong></span> <span class='ocrx_word' id='word_1_89' title='bbox 538 854 595 904; x_wconf 88' lang='lat' dir='ltr'><strong>milri:</strong></span> <span class='ocrx_word' id='word_1_90' title='bbox 612 856 652 894; x_wconf 90' lang='lat' dir='ltr'><strong>noli</strong></span> <span class='ocrx_word' id='word_1_91' title='bbox 667 856 746 895; x_wconf 88' lang='lat' dir='ltr'><strong>adorare</strong></span> <span class='ocrx_word' id='word_1_92' title='bbox 757 855 853 905; x_wconf 76' lang='lat' dir='ltr'><strong>angeium,</strong></span> 
     </span>
     <span class='ocr_line' id='line_1_10' title="bbox 124 922 854 975; baseline 0 -12"><span class='ocrx_word' id='word_1_93' title='bbox 124 935 187 975; x_wconf 89' lang='lat' dir='ltr'><strong>neque</strong></span> <span class='ocrx_word' id='word_1_94' title='bbox 200 925 290 963; x_wconf 75' lang='lat' dir='ltr'>thronum</span> <span class='ocrx_word' id='word_1_95' title='bbox 307 923 362 961; x_wconf 86' lang='lat' dir='ltr'><strong>istius</strong></span> <span class='ocrx_word' id='word_1_96' title='bbox 377 922 437 967; x_wconf 82' lang='lat' dir='ltr'><strong>coeli,</strong></span> <span class='ocrx_word' id='word_1_97' title='bbox 459 927 537 973; x_wconf 82' lang='lat' dir='ltr'><strong>propter</strong></span> <span class='ocrx_word' id='word_1_98' title='bbox 557 923 594 970; x_wconf 89' lang='lat' dir='ltr'><strong>hoc</strong></span> <span class='ocrx_word' id='word_1_99' title='bbox 609 924 681 962; x_wconf 88' lang='lat' dir='ltr'><strong>missus</strong></span> <span class='ocrx_word' id='word_1_100' title='bbox 702 935 744 962; x_wconf 90' lang='lat' dir='ltr'><strong>snm</strong></span> <span class='ocrx_word' id='word_1_101' title='bbox 758 924 854 965; x_wconf 83' lang='lat' dir='ltr'><strong>iustruere</strong></span> 
     </span>
     <span class='ocr_line' id='line_1_11' title="bbox 106 987 856 1039; baseline -0.004 -9"><span class='ocrx_word' id='word_1_102' title='bbox 106 991 108 997; x_wconf 86' lang='grc'>’</span> <span class='ocrx_word' id='word_1_103' title='bbox 124 996 148 1030; x_wconf 86' lang='lat' dir='ltr'><strong>te.</strong></span> <span class='ocrx_word' id='word_1_104' title='bbox 178 991 218 1031; x_wconf 86' lang='lat' dir='ltr'><strong>Sed</strong></span> <span class='ocrx_word' id='word_1_105' title='bbox 230 994 312 1034; x_wconf 90' lang='lat' dir='ltr'><strong>tantum,</strong></span> <span class='ocrx_word' id='word_1_106' title='bbox 329 999 385 1038; x_wconf 86' lang='lat' dir='ltr'><strong>qoem</strong></span> <span class='ocrx_word' id='word_1_107' title='bbox 400 1000 436 1039; x_wconf 90' lang='lat' dir='ltr'><strong>ego</strong></span> <span class='ocrx_word' id='word_1_108' title='bbox 451 989 566 1034; x_wconf 84' lang='lat' dir='ltr'><strong>direrotibi,</strong></span> <span class='ocrx_word' id='word_1_109' title='bbox 582 990 644 1035; x_wconf 88' lang='lat' dir='ltr'><strong>adora,</strong></span> <span class='ocrx_word' id='word_1_110' title='bbox 660 987 747 1028; x_wconf 86' lang='lat' dir='ltr'><strong>similiter</strong></span> <span class='ocrx_word' id='word_1_111' title='bbox 757 1002 806 1034; x_wconf 81' lang='lat' dir='ltr'><strong>enm,</strong></span> <span class='ocrx_word' id='word_1_112' title='bbox 823 991 856 1039; x_wconf 90' lang='lat' dir='ltr'><strong>qui</strong></span> 
     </span>
     <span class='ocr_line' id='line_1_12' title="bbox 124 1056 855 1109; baseline -0.003 -11"><span class='ocrx_word' id='word_1_113' title='bbox 124 1064 225 1109; x_wconf 86' lang='lat' dir='ltr'><strong>estsuper</strong></span> <span class='ocrx_word' id='word_1_114' title='bbox 245 1067 312 1097; x_wconf 86' lang='lat' dir='ltr'><strong>omnes</strong></span> <span class='ocrx_word' id='word_1_115' title='bbox 327 1056 417 1106; x_wconf 76' lang='lat' dir='ltr'><strong>angelos,</strong></span> <span class='ocrx_word' id='word_1_116' title='bbox 436 1057 528 1102; x_wconf 78' lang='lat' dir='ltr'>thronos,</span> <span class='ocrx_word' id='word_1_117' title='bbox 548 1061 567 1097; x_wconf 88' lang='lat' dir='ltr'><strong>et</strong></span> <span class='ocrx_word' id='word_1_118' title='bbox 585 1069 642 1108; x_wconf 87' lang='lat' dir='ltr'><strong>super</strong></span> <span class='ocrx_word' id='word_1_119' title='bbox 655 1061 720 1097; x_wconf 83' lang='lat' dir='ltr'><strong>restes</strong></span> <span class='ocrx_word' id='word_1_120' title='bbox 735 1061 754 1097; x_wconf 92' lang='lat' dir='ltr'><strong>et</strong></span> <span class='ocrx_word' id='word_1_121' title='bbox 767 1068 855 1102; x_wconf 72' lang='lat' dir='ltr'><strong>coronas</strong></span> 
     </span>
     <span class='ocr_line' id='line_1_13' title="bbox 67 1119 856 1177; baseline -0.004 -12"><span class='ocrx_word' id='word_1_122' title='bbox 67 1152 75 1177; x_wconf 27' lang='grc' dir='ltr'>χ</span> <span class='ocrx_word' id='word_1_123' title='bbox 124 1139 171 1177; x_wconf 82' lang='lat' dir='ltr'><strong>quas</strong></span> <span class='ocrx_word' id='word_1_124' title='bbox 181 1119 255 1166; x_wconf 85' lang='lat' dir='ltr'><strong>ridebis</strong></span> <span class='ocrx_word' id='word_1_125' title='bbox 270 1125 368 1174; x_wconf 82' lang='lat' dir='ltr'><strong>deinceps</strong></span> <span class='ocrx_word' id='word_1_126' title='bbox 396 1124 419 1163; x_wconf 86' lang='lat' dir='ltr'><strong>Et</strong></span> <span class='ocrx_word' id='word_1_127' title='bbox 433 1125 509 1175; x_wconf 87' lang='lat' dir='ltr'><strong>gavisus</strong></span> <span class='ocrx_word' id='word_1_128' title='bbox 524 1136 567 1164; x_wconf 91' lang='lat' dir='ltr'><strong>sum</strong></span> <span class='ocrx_word' id='word_1_129' title='bbox 577 1125 645 1176; x_wconf 89' lang='lat' dir='ltr'><strong>gaudio</strong></span> <span class='ocrx_word' id='word_1_130' title='bbox 656 1136 724 1176; x_wconf 90' lang='lat' dir='ltr'><strong>magno</strong></span> <span class='ocrx_word' id='word_1_131' title='bbox 735 1124 795 1169; x_wconf 86' lang='lat' dir='ltr'><strong>valde,</strong></span> <span class='ocrx_word' id='word_1_132' title='bbox 812 1124 856 1175; x_wconf 89' lang='lat' dir='ltr'><strong>quia</strong></span> 
     </span>
     <span class='ocr_line' id='line_1_14' title="bbox 124 1192 857 1243; baseline -0.005 -8"><span class='ocrx_word' id='word_1_133' title='bbox 124 1196 166 1235; x_wconf 89' lang='lat' dir='ltr'><strong>talis</strong></span> <span class='ocrx_word' id='word_1_134' title='bbox 182 1200 212 1235; x_wconf 87' lang='lat' dir='ltr'><strong>est</strong></span> <span class='ocrx_word' id='word_1_135' title='bbox 226 1193 365 1243; x_wconf 79' lang='lat' dir='ltr'><strong>consummatio</strong></span> <span class='ocrx_word' id='word_1_136' title='bbox 381 1192 486 1233; x_wconf 71' lang='lat' dir='ltr'><strong>scientibus</strong></span> <span class='ocrx_word' id='word_1_137' title='bbox 502 1194 614 1233; x_wconf 88' lang='lat' dir='ltr'><strong>altissimum</strong></span> <span class='ocrx_word' id='word_1_138' title='bbox 630 1199 649 1233; x_wconf 91' lang='lat' dir='ltr'><strong>et</strong></span> <span class='ocrx_word' id='word_1_139' title='bbox 666 1193 782 1233; x_wconf 78' lang='lat' dir='ltr'><strong>aeternalem</strong></span> <span class='ocrx_word' id='word_1_140' title='bbox 797 1197 816 1232; x_wconf 93' lang='lat' dir='ltr'><strong>et</strong></span> <span class='ocrx_word' id='word_1_141' title='bbox 830 1192 857 1231; x_wconf 89' lang='lat' dir='ltr'><strong>di-</strong></span> 
     </span>
     <span class='ocr_line' id='line_1_15' title="bbox 126 1259 857 1310; baseline -0.003 -11"><span class='ocrx_word' id='word_1_142' title='bbox 126 1262 198 1301; x_wconf 87' lang='lat' dir='ltr'><strong>lectum</strong></span> <span class='ocrx_word' id='word_1_143' title='bbox 207 1261 266 1300; x_wconf 87' lang='lat' dir='ltr'><strong>filium</strong></span> <span class='ocrx_word' id='word_1_144' title='bbox 280 1259 333 1309; x_wconf 83' lang='lat' dir='ltr'><strong>ejus,</strong></span> <span class='ocrx_word' id='word_1_145' title='bbox 349 1260 393 1308; x_wconf 80' lang='lat' dir='ltr'><strong>quia</strong></span> <span class='ocrx_word' id='word_1_146' title='bbox 408 1261 458 1297; x_wconf 89' lang='lat' dir='ltr'><strong>siout</strong></span> <span class='ocrx_word' id='word_1_147' title='bbox 472 1261 535 1310; x_wconf 78' lang='lat' dir='ltr'><strong>angeli</strong></span> <span class='ocrx_word' id='word_1_148' title='bbox 549 1262 611 1300; x_wconf 88' lang='lat' dir='ltr'><strong>sancti</strong></span> <span class='ocrx_word' id='word_1_149' title='bbox 625 1262 708 1310; x_wconf 85' lang='lat' dir='ltr'><strong>spiritus,</strong></span> <span class='ocrx_word' id='word_1_150' title='bbox 724 1261 780 1298; x_wconf 87' lang='lat' dir='ltr'><strong>siehi</strong></span> <span class='ocrx_word' id='word_1_151' title='bbox 790 1272 857 1298; x_wconf 84' lang='lat' dir='ltr'><strong>ascen-</strong></span> 
     </span>
     <span class='ocr_line' id='line_1_16' title="bbox 126 1313 857 1377; baseline -0.001 -10"><span class='ocrx_word' id='word_1_152' title='bbox 126 1328 174 1367; x_wconf 90' lang='lat' dir='ltr'><strong>dunt</strong></span> <span class='ocrx_word' id='word_1_153' title='bbox 186 1330 206 1367; x_wconf 91' lang='lat' dir='ltr'><strong>iu</strong></span> <span class='ocrx_word' id='word_1_154' title='bbox 220 1328 279 1367; x_wconf 89' lang='lat' dir='ltr'><strong>illum.</strong></span> <span class='ocrx_word' id='word_1_155' title='bbox 311 1313 429 1368; x_wconf 72' lang='lat' dir='ltr'><strong>seelevavit</strong></span> <span class='ocrx_word' id='word_1_156' title='bbox 442 1339 473 1365; x_wconf 90' lang='lat' dir='ltr'><strong>me</strong></span> <span class='ocrx_word' id='word_1_157' title='bbox 488 1338 546 1377; x_wconf 87' lang='lat' dir='ltr'><strong>super</strong></span> <span class='ocrx_word' id='word_1_158' title='bbox 560 1327 636 1366; x_wconf 90' lang='lat' dir='ltr'><strong>tertium</strong></span> <span class='ocrx_word' id='word_1_159' title='bbox 646 1327 727 1372; x_wconf 81' lang='lat' dir='ltr'><strong>coelum,</strong></span> <span class='ocrx_word' id='word_1_160' title='bbox 742 1331 761 1366; x_wconf 91' lang='lat' dir='ltr'><strong>et</strong></span> <span class='ocrx_word' id='word_1_161' title='bbox 771 1326 857 1367; x_wconf 86' lang='lat' dir='ltr'><strong>similiter</strong></span> 
     </span>
     <span class='ocr_line' id='line_1_17' title="bbox 125 1389 857 1446; baseline 0.001 -12"><span class='ocrx_word' id='word_1_162' title='bbox 125 1396 163 1435; x_wconf 90' lang='lat' dir='ltr'><strong>vidi</strong></span> <span class='ocrx_word' id='word_1_163' title='bbox 176 1407 254 1446; x_wconf 82' lang='lat' dir='ltr'><strong>parrum</strong></span> <span class='ocrx_word' id='word_1_164' title='bbox 268 1396 366 1437; x_wconf 86' lang='lat' dir='ltr'><strong>thronum,</strong></span> <span class='ocrx_word' id='word_1_165' title='bbox 389 1399 408 1432; x_wconf 89' lang='lat' dir='ltr'><strong>et</strong></span> <span class='ocrx_word' id='word_1_166' title='bbox 422 1389 498 1433; x_wconf 79' lang='lat' dir='ltr'><strong>dextros</strong></span> <span class='ocrx_word' id='word_1_167' title='bbox 513 1398 532 1432; x_wconf 88' lang='lat' dir='ltr'><strong>et</strong></span> <span class='ocrx_word' id='word_1_168' title='bbox 546 1391 635 1433; x_wconf 88' lang='lat' dir='ltr'><strong>sinistros</strong></span> <span class='ocrx_word' id='word_1_169' title='bbox 650 1394 734 1444; x_wconf 89' lang='lat' dir='ltr'><strong>angelos.</strong></span> <span class='ocrx_word' id='word_1_170' title='bbox 763 1395 857 1435; x_wconf 85' lang='lat' dir='ltr'><strong>Memoria</strong></span> 
     </span>
     <span class='ocr_line' id='line_1_18' title="bbox 125 1460 858 1506; baseline 0 -5"><span class='ocrx_word' id='word_1_171' title='bbox 125 1467 187 1501; x_wconf 86' lang='lat' dir='ltr'><strong>autem</strong></span> <span class='ocrx_word' id='word_1_172' title='bbox 206 1462 261 1500; x_wconf 87' lang='lat' dir='ltr'><strong>istius</strong></span> <span class='ocrx_word' id='word_1_173' title='bbox 280 1460 346 1500; x_wconf 88' lang='lat' dir='ltr'><strong>mnndi</strong></span> <span class='ocrx_word' id='word_1_174' title='bbox 364 1460 404 1498; x_wconf 90' lang='lat' dir='ltr'><strong>illio</strong></span> <span class='ocrx_word' id='word_1_175' title='bbox 419 1472 459 1498; x_wconf 92' lang='lat' dir='ltr'><strong>non</strong></span> <span class='ocrx_word' id='word_1_176' title='bbox 473 1460 617 1506; x_wconf 78' lang='lat' dir='ltr'><strong>nominabatur,</strong></span> <span class='ocrx_word' id='word_1_177' title='bbox 640 1460 675 1500; x_wconf 87' lang='lat' dir='ltr'><strong>sed</strong></span> <span class='ocrx_word' id='word_1_178' title='bbox 688 1461 858 1501; x_wconf 74' lang='lat' dir='ltr'><strong>transformabatur</strong></span> 
     </span>
     <span class='ocr_line' id='line_1_19' title="bbox 125 1527 857 1581; baseline 0 -13"><span class='ocrx_word' id='word_1_179' title='bbox 125 1530 185 1581; x_wconf 88' lang='lat' dir='ltr'><strong>gloria</strong></span> <span class='ocrx_word' id='word_1_180' title='bbox 198 1529 334 1579; x_wconf 82' lang='lat' dir='ltr'><strong>meispiritns,</strong></span> <span class='ocrx_word' id='word_1_181' title='bbox 350 1539 393 1566; x_wconf 90' lang='lat' dir='ltr'><strong>cum</strong></span> <span class='ocrx_word' id='word_1_182' title='bbox 407 1527 535 1567; x_wconf 77' lang='lat' dir='ltr'><strong>ascendebam</strong></span> <span class='ocrx_word' id='word_1_183' title='bbox 549 1530 568 1567; x_wconf 93' lang='lat' dir='ltr'><strong>iu</strong></span> <span class='ocrx_word' id='word_1_184' title='bbox 583 1528 670 1575; x_wconf 81' lang='lat' dir='ltr'><strong>coelum,</strong></span> <span class='ocrx_word' id='word_1_185' title='bbox 690 1534 709 1568; x_wconf 93' lang='lat' dir='ltr'><strong>et</strong></span> <span class='ocrx_word' id='word_1_186' title='bbox 724 1528 771 1568; x_wconf 84' lang='lat' dir='ltr'><strong>diri:</strong></span> <span class='ocrx_word' id='word_1_187' title='bbox 785 1528 809 1569; x_wconf 86' lang='lat' dir='ltr'><strong>de</strong></span> <span class='ocrx_word' id='word_1_188' title='bbox 823 1530 857 1569; x_wconf 92' lang='lat' dir='ltr'><strong>illo</strong></span> 
     </span>
     <span class='ocr_line' id='line_1_20' title="bbox 125 1595 858 1646; baseline 0 -11"><span class='ocrx_word' id='word_1_189' title='bbox 125 1597 196 1635; x_wconf 89' lang='lat' dir='ltr'><strong>mundo</strong></span> <span class='ocrx_word' id='word_1_190' title='bbox 206 1597 253 1635; x_wconf 92' lang='lat' dir='ltr'><strong>nihil</strong></span> <span class='ocrx_word' id='word_1_191' title='bbox 266 1596 374 1642; x_wconf 85' lang='lat' dir='ltr'><strong>nominatur</strong></span> <span class='ocrx_word' id='word_1_192' title='bbox 387 1595 425 1633; x_wconf 91' lang='lat' dir='ltr'><strong>hic.</strong></span> <span class='ocrx_word' id='word_1_193' title='bbox 454 1595 477 1633; x_wconf 88' lang='lat' dir='ltr'><strong>Et</strong></span> <span class='ocrx_word' id='word_1_194' title='bbox 486 1595 606 1645; x_wconf 87' lang='lat' dir='ltr'><strong>respondens</strong></span> <span class='ocrx_word' id='word_1_195' title='bbox 616 1596 662 1634; x_wconf 87' lang='lat' dir='ltr'><strong>mihi</strong></span> <span class='ocrx_word' id='word_1_196' title='bbox 672 1597 751 1646; x_wconf 87' lang='lat' dir='ltr'><strong>angelus</strong></span> <span class='ocrx_word' id='word_1_197' title='bbox 762 1598 796 1635; x_wconf 90' lang='lat' dir='ltr'><strong>ait:</strong></span> <span class='ocrx_word' id='word_1_198' title='bbox 810 1596 858 1635; x_wconf 90' lang='lat' dir='ltr'><strong>nihil</strong></span> 
     </span>
     <span class='ocr_line' id='line_1_21' title="bbox 126 1661 857 1715; baseline -0.004 -11"><span class='ocrx_word' id='word_1_199' title='bbox 126 1665 234 1704; x_wconf 87' lang='lat' dir='ltr'><strong>nominatur</strong></span> <span class='ocrx_word' id='word_1_200' title='bbox 253 1667 331 1715; x_wconf 84' lang='lat' dir='ltr'><strong>propter</strong></span> <span class='ocrx_word' id='word_1_201' title='bbox 350 1661 479 1702; x_wconf 86' lang='lat' dir='ltr'><strong>infirmitatem</strong></span> <span class='ocrx_word' id='word_1_202' title='bbox 500 1662 552 1712; x_wconf 86' lang='lat' dir='ltr'><strong>ejus,</strong></span> <span class='ocrx_word' id='word_1_203' title='bbox 573 1667 592 1702; x_wconf 90' lang='lat' dir='ltr'><strong>et</strong></span> <span class='ocrx_word' id='word_1_204' title='bbox 611 1663 659 1702; x_wconf 88' lang='lat' dir='ltr'><strong>nihil</strong></span> <span class='ocrx_word' id='word_1_205' title='bbox 680 1663 804 1703; x_wconf 75' lang='lat' dir='ltr'><strong>absconditur</strong></span> <span class='ocrx_word' id='word_1_206' title='bbox 817 1663 857 1703; x_wconf 88' lang='lat' dir='ltr'><strong>illio</strong></span> 
     </span>
     <span class='ocr_line' id='line_1_22' title="bbox 127 1726 858 1783; baseline 0 -13"><span class='ocrx_word' id='word_1_207' title='bbox 127 1731 151 1771; x_wconf 91' lang='lat' dir='ltr'><strong>de</strong></span> <span class='ocrx_word' id='word_1_208' title='bbox 165 1732 214 1776; x_wconf 84' lang='lat' dir='ltr'><strong>illis,</strong></span> <span class='ocrx_word' id='word_1_209' title='bbox 228 1742 284 1783; x_wconf 13' lang='lat' dir='ltr'><strong>*quae</strong></span> <span class='ocrx_word' id='word_1_210' title='bbox 298 1730 348 1767; x_wconf 84' lang='lat' dir='ltr'><strong>facta</strong></span> <span class='ocrx_word' id='word_1_211' title='bbox 362 1735 412 1768; x_wconf 85' lang='lat' dir='ltr'><strong>snut.</strong></span> <span class='ocrx_word' id='word_1_212' title='bbox 446 1730 470 1767; x_wconf 85' lang='lat' dir='ltr'><strong>Et</strong></span> <span class='ocrx_word' id='word_1_213' title='bbox 484 1726 580 1767; x_wconf 85' lang='lat' dir='ltr'><strong>cauticum</strong></span> <span class='ocrx_word' id='word_1_214' title='bbox 600 1731 709 1775; x_wconf 69' lang='lat' dir='ltr'><strong>cantabant·⁵</strong></span> <span class='ocrx_word' id='word_1_215' title='bbox 732 1736 751 1771; x_wconf 86' lang='lat' dir='ltr'><strong>et</strong></span> <span class='ocrx_word' id='word_1_216' title='bbox 765 1730 858 1780; x_wconf 84' lang='lat' dir='ltr'><strong>glorifica-</strong></span> 
     </span>
     <span class='ocr_line' id='line_1_23' title="bbox 125 1795 859 1847; baseline -0.001 -9"><span class='ocrx_word' id='word_1_217' title='bbox 125 1797 170 1838; x_wconf 89' lang='lat' dir='ltr'><strong>bant</strong></span> <span class='ocrx_word' id='word_1_218' title='bbox 184 1795 295 1843; x_wconf 87' lang='lat' dir='ltr'><strong>sedentem,</strong></span> <span class='ocrx_word' id='word_1_219' title='bbox 317 1800 336 1836; x_wconf 90' lang='lat' dir='ltr'><strong>et</strong></span> <span class='ocrx_word' id='word_1_220' title='bbox 348 1796 386 1835; x_wconf 88' lang='lat' dir='ltr'><strong>iste</strong></span> <span class='ocrx_word' id='word_1_221' title='bbox 401 1796 481 1847; x_wconf 87' lang='lat' dir='ltr'><strong>angelus</strong></span> <span class='ocrx_word' id='word_1_222' title='bbox 490 1801 537 1836; x_wconf 89' lang='lat' dir='ltr'><strong>erat</strong></span> <span class='ocrx_word' id='word_1_223' title='bbox 550 1795 611 1846; x_wconf 85' lang='lat' dir='ltr'><strong>major</strong></span> <span class='ocrx_word' id='word_1_224' title='bbox 625 1797 717 1837; x_wconf 83' lang='lat' dir='ltr'><strong>secundo.</strong></span> <span class='ocrx_word' id='word_1_225' title='bbox 754 1797 777 1838; x_wconf 85' lang='lat' dir='ltr'><strong>Et</strong></span> <span class='ocrx_word' id='word_1_226' title='bbox 790 1797 859 1838; x_wconf 87' lang='lat' dir='ltr'><strong>iterum</strong></span> 
     </span>
     <span class='ocr_line' id='line_1_24' title="bbox 126 1858 859 1917; baseline 0.001 -12"><span class='ocrx_word' id='word_1_227' title='bbox 126 1867 205 1908; x_wconf 85' lang='lat' dir='ltr'><strong>elevavit</strong></span> <span class='ocrx_word' id='word_1_228' title='bbox 218 1879 249 1906; x_wconf 90' lang='lat' dir='ltr'><strong>me</strong></span> <span class='ocrx_word' id='word_1_229' title='bbox 262 1858 283 1906; x_wconf 91' lang='lat' dir='ltr'><strong>in</strong></span> <span class='ocrx_word' id='word_1_230' title='bbox 299 1870 386 1917; x_wconf 84' lang='lat' dir='ltr'><strong>qrrartum</strong></span> <span class='ocrx_word' id='word_1_231' title='bbox 400 1864 482 1903; x_wconf 87' lang='lat' dir='ltr'><strong>eoelum.</strong></span> <span class='ocrx_word' id='word_1_232' title='bbox 517 1864 602 1903; x_wconf 77' lang='lat' dir='ltr'><strong>Altitudo</strong></span> <span class='ocrx_word' id='word_1_233' title='bbox 621 1866 672 1904; x_wconf 86' lang='lat' dir='ltr'><strong>tertii</strong></span> <span class='ocrx_word' id='word_1_234' title='bbox 694 1866 744 1905; x_wconf 88' lang='lat' dir='ltr'><strong>coeli</strong></span> <span class='ocrx_word' id='word_1_235' title='bbox 758 1877 820 1916; x_wconf 87' lang='lat' dir='ltr'><strong>usque</strong></span> <span class='ocrx_word' id='word_1_236' title='bbox 835 1867 859 1906; x_wconf 90' lang='lat' dir='ltr'><strong>ad</strong></span> 
     </span>
     <span class='ocr_line' id='line_1_25' title="bbox 125 1931 860 1984; baseline 0 -11"><span class='ocrx_word' id='word_1_237' title='bbox 125 1938 213 1984; x_wconf 84' lang='lat' dir='ltr'><strong>quartum</strong></span> <span class='ocrx_word' id='word_1_238' title='bbox 233 1935 308 1973; x_wconf 89' lang='lat' dir='ltr'><strong>coelum</strong></span> <span class='ocrx_word' id='word_1_239' title='bbox 327 1931 390 1982; x_wconf 83' lang='lat' dir='ltr'><strong>major</strong></span> <span class='ocrx_word' id='word_1_240' title='bbox 408 1936 456 1978; x_wconf 90' lang='lat' dir='ltr'><strong>erat,</strong></span> <span class='ocrx_word' id='word_1_241' title='bbox 478 1937 497 1972; x_wconf 88' lang='lat' dir='ltr'><strong>et</strong></span> <span class='ocrx_word' id='word_1_242' title='bbox 515 1932 541 1971; x_wconf 92' lang='lat' dir='ltr'><strong>ibi</strong></span> <span class='ocrx_word' id='word_1_243' title='bbox 555 1932 593 1972; x_wconf 84' lang='lat' dir='ltr'><strong>vidi</strong></span> <span class='ocrx_word' id='word_1_244' title='bbox 607 1933 697 1972; x_wconf 84' lang='lat' dir='ltr'><strong>thronum</strong></span> <span class='ocrx_word' id='word_1_245' title='bbox 713 1937 732 1972; x_wconf 88' lang='lat' dir='ltr'><strong>et</strong></span> <span class='ocrx_word' id='word_1_246' title='bbox 747 1932 824 1973; x_wconf 79' lang='lat' dir='ltr'><strong>dextros</strong></span> <span class='ocrx_word' id='word_1_247' title='bbox 841 1939 860 1973; x_wconf 92' lang='lat' dir='ltr'><strong>et</strong></span> 
     </span>
     <span class='ocr_line' id='line_1_26' title="bbox 125 1988 859 2052; baseline 0.001 -13"><span class='ocrx_word' id='word_1_248' title='bbox 125 2002 214 2040; x_wconf 89' lang='lat' dir='ltr'><strong>sinistros</strong></span> <span class='ocrx_word' id='word_1_249' title='bbox 230 1991 320 2051; x_wconf 63' lang='lat' dir='ltr'><strong>angelos}</strong></span> <span class='ocrx_word' id='word_1_250' title='bbox 335 1999 395 2048; x_wconf 89' lang='lat' dir='ltr'><strong>gloria</strong></span> <span class='ocrx_word' id='word_1_251' title='bbox 409 2011 455 2037; x_wconf 79' lang='lat' dir='ltr'><strong>nero</strong></span> <span class='ocrx_word' id='word_1_252' title='bbox 472 2000 557 2038; x_wconf 87' lang='lat' dir='ltr'><strong>sedentis</strong></span> <span class='ocrx_word' id='word_1_253' title='bbox 571 1996 639 2038; x_wconf 88' lang='lat' dir='ltr'><strong>melior</strong></span> <span class='ocrx_word' id='word_1_254' title='bbox 653 2005 699 2044; x_wconf 80' lang='lat' dir='ltr'><strong>erat,</strong></span> <span class='ocrx_word' id='word_1_255' title='bbox 716 2012 772 2049; x_wconf 83' lang='lat' dir='ltr'><strong>quam</strong></span> <span class='ocrx_word' id='word_1_256' title='bbox 783 1988 859 2052; x_wconf 81' lang='lat' dir='ltr'><strong>angelo-</strong></span> 
     </span>
     <span class='ocr_line' id='line_1_27' title="bbox 125 2065 861 2119; baseline 0 -12"><span class='ocrx_word' id='word_1_257' title='bbox 125 2080 176 2113; x_wconf 80' lang='lat' dir='ltr'><strong>rum,</strong></span> <span class='ocrx_word' id='word_1_258' title='bbox 197 2068 229 2118; x_wconf 86' lang='lat' dir='ltr'><strong>qui</strong></span> <span class='ocrx_word' id='word_1_259' title='bbox 249 2070 302 2107; x_wconf 87' lang='lat' dir='ltr'><strong>eraut</strong></span> <span class='ocrx_word' id='word_1_260' title='bbox 321 2065 427 2111; x_wconf 85' lang='lat' dir='ltr'><strong>adextris,</strong></span> <span class='ocrx_word' id='word_1_261' title='bbox 448 2070 467 2105; x_wconf 89' lang='lat' dir='ltr'><strong>et</strong></span> <span class='ocrx_word' id='word_1_262' title='bbox 489 2066 549 2117; x_wconf 89' lang='lat' dir='ltr'><strong>gloria</strong></span> <span class='ocrx_word' id='word_1_263' title='bbox 570 2077 636 2106; x_wconf 87' lang='lat' dir='ltr'><strong>eorum</strong></span> <span class='ocrx_word' id='word_1_264' title='bbox 655 2066 741 2107; x_wconf 89' lang='lat' dir='ltr'><strong>similiter</strong></span> <span class='ocrx_word' id='word_1_265' title='bbox 761 2068 861 2119; x_wconf 76' lang='lat' dir='ltr'><strong>superabar</strong></span> 
     </span>
     <span class='ocr_line' id='line_1_28' title="bbox 126 2130 860 2186; baseline 0.001 -12"><span class='ocrx_word' id='word_1_266' title='bbox 126 2136 205 2186; x_wconf 82' lang='lat' dir='ltr'><strong>gloriam</strong></span> <span class='ocrx_word' id='word_1_267' title='bbox 224 2137 335 2175; x_wconf 80' lang='lat' dir='ltr'><strong>interorum.</strong></span> <span class='ocrx_word' id='word_1_268' title='bbox 363 2134 387 2172; x_wconf 84' lang='lat' dir='ltr'><strong>Et</strong></span> <span class='ocrx_word' id='word_1_269' title='bbox 406 2132 485 2171; x_wconf 87' lang='lat' dir='ltr'><strong>ascendi</strong></span> <span class='ocrx_word' id='word_1_270' title='bbox 503 2133 523 2171; x_wconf 89' lang='lat' dir='ltr'><strong>in</strong></span> <span class='ocrx_word' id='word_1_271' title='bbox 538 2134 625 2183; x_wconf 90' lang='lat' dir='ltr'><strong>quintum</strong></span> <span class='ocrx_word' id='word_1_272' title='bbox 639 2130 726 2180; x_wconf 86' lang='lat' dir='ltr'><strong>coelum,</strong></span> <span class='ocrx_word' id='word_1_273' title='bbox 748 2140 768 2174; x_wconf 88' lang='lat' dir='ltr'><strong>et</strong></span> <span class='ocrx_word' id='word_1_274' title='bbox 781 2136 809 2175; x_wconf 93' lang='lat' dir='ltr'><strong>ibi</strong></span> <span class='ocrx_word' id='word_1_275' title='bbox 823 2131 860 2175; x_wconf 82' lang='lat' dir='ltr'><strong>vidi</strong></span> 
     </span>
     <span class='ocr_line' id='line_1_29' title="bbox 126 2201 860 2256; baseline -0.001 -12"><span class='ocrx_word' id='word_1_276' title='bbox 126 2204 207 2256; x_wconf 82' lang='lat' dir='ltr'><strong>angelos</strong></span> <span class='ocrx_word' id='word_1_277' title='bbox 228 2201 389 2244; x_wconf 82' lang='lat' dir='ltr'><strong>innumerabiles,</strong></span> <span class='ocrx_word' id='word_1_278' title='bbox 411 2205 431 2238; x_wconf 83' lang='lat' dir='ltr'><strong>ct</strong></span> <span class='ocrx_word' id='word_1_279' title='bbox 453 2201 513 2252; x_wconf 83' lang='lat' dir='ltr'><strong>gloria</strong></span> <span class='ocrx_word' id='word_1_280' title='bbox 527 2212 594 2240; x_wconf 88' lang='lat' dir='ltr'><strong>eorum</strong></span> <span class='ocrx_word' id='word_1_281' title='bbox 613 2206 632 2241; x_wconf 89' lang='lat' dir='ltr'><strong>et</strong></span> <span class='ocrx_word' id='word_1_282' title='bbox 647 2202 742 2241; x_wconf 88' lang='lat' dir='ltr'><strong>canticum</strong></span> <span class='ocrx_word' id='word_1_283' title='bbox 757 2204 860 2253; x_wconf 89' lang='lat' dir='ltr'><strong>gloriosius</strong></span> 
     </span>
     <span class='ocr_line' id='line_1_30' title="bbox 117 2269 862 2324; baseline -0.001 -11"><span class='ocrx_word' id='word_1_284' title='bbox 117 2279 167 2314; x_wconf 85' lang='lat' dir='ltr'><strong>-erat</strong></span> <span class='ocrx_word' id='word_1_285' title='bbox 182 2273 243 2324; x_wconf 85' lang='lat' dir='ltr'><strong>quarti</strong></span> <span class='ocrx_word' id='word_1_286' title='bbox 258 2270 319 2317; x_wconf 86' lang='lat' dir='ltr'><strong>coeli,</strong></span> <span class='ocrx_word' id='word_1_287' title='bbox 332 2271 354 2308; x_wconf 66' lang='lat' dir='ltr'><strong>‘et</strong></span> <span class='ocrx_word' id='word_1_288' title='bbox 368 2280 404 2320; x_wconf 87' lang='lat' dir='ltr'><strong>ego</strong></span> <span class='ocrx_word' id='word_1_289' title='bbox 419 2269 498 2307; x_wconf 86' lang='lat' dir='ltr'><strong>miratus</strong></span> <span class='ocrx_word' id='word_1_290' title='bbox 513 2280 565 2314; x_wconf 91' lang='lat' dir='ltr'><strong>sum,</strong></span> <span class='ocrx_word' id='word_1_291' title='bbox 585 2274 656 2308; x_wconf 88' lang='lat' dir='ltr'><strong>tantam</strong></span> <span class='ocrx_word' id='word_1_292' title='bbox 675 2269 814 2311; x_wconf 85' lang='lat' dir='ltr'><strong>multitudinem</strong></span> <span class='ocrx_word' id='word_1_293' title='bbox 830 2285 862 2312; x_wconf 89' lang='lat' dir='ltr'><strong>an-</strong></span> 
     </span>
     <span class='ocr_line' id='line_1_31' title="bbox 127 2337 859 2393; baseline 0 -13"><span class='ocrx_word' id='word_1_294' title='bbox 127 2342 214 2393; x_wconf 84' lang='lat' dir='ltr'><strong>gelorum</strong></span> <span class='ocrx_word' id='word_1_295' title='bbox 228 2340 308 2389; x_wconf 78' lang='lat' dir='ltr'><strong>ridens,</strong></span> <span class='ocrx_word' id='word_1_296' title='bbox 324 2338 405 2379; x_wconf 89' lang='lat' dir='ltr'><strong>diversis</strong></span> <span class='ocrx_word' id='word_1_297' title='bbox 420 2338 537 2377; x_wconf 88' lang='lat' dir='ltr'><strong>bonitatibus</strong></span> <span class='ocrx_word' id='word_1_298' title='bbox 553 2337 688 2385; x_wconf 84' lang='lat' dir='ltr'><strong>ordinatorum,</strong></span> <span class='ocrx_word' id='word_1_299' title='bbox 704 2343 723 2378; x_wconf 89' lang='lat' dir='ltr'><strong>et</strong></span> <span class='ocrx_word' id='word_1_300' title='bbox 738 2340 807 2392; x_wconf 87' lang='lat' dir='ltr'><strong>singuli</strong></span> <span class='ocrx_word' id='word_1_301' title='bbox 819 2343 859 2393; x_wconf 85' lang='lat' dir='ltr'><strong>glo-</strong></span> 
     </span>
     <span class='ocr_line' id='line_1_32' title="bbox 126 2405 860 2458; baseline 0.001 -11"><span class='ocrx_word' id='word_1_302' title='bbox 126 2411 174 2449; x_wconf 80' lang='lat' dir='ltr'><strong>riam</strong></span> <span class='ocrx_word' id='word_1_303' title='bbox 189 2411 283 2450; x_wconf 88' lang='lat' dir='ltr'><strong>hahentes</strong></span> <span class='ocrx_word' id='word_1_304' title='bbox 298 2406 430 2458; x_wconf 84' lang='lat' dir='ltr'><strong>glorificabant</strong></span> <span class='ocrx_word' id='word_1_305' title='bbox 445 2406 560 2446; x_wconf 79' lang='lat' dir='ltr'><strong>existentem</strong></span> <span class='ocrx_word' id='word_1_306' title='bbox 573 2406 593 2445; x_wconf 93' lang='lat' dir='ltr'><strong>in</strong></span> <span class='ocrx_word' id='word_1_307' title='bbox 608 2406 651 2452; x_wconf 83' lang='lat' dir='ltr'><strong>alto,</strong></span> <span class='ocrx_word' id='word_1_308' title='bbox 662 2405 721 2455; x_wconf 42' lang='lat' dir='ltr'><strong>&gt;cujus</strong></span> <span class='ocrx_word' id='word_1_309' title='bbox 736 2419 807 2447; x_wconf 89' lang='lat' dir='ltr'><strong>nomen</strong></span> <span class='ocrx_word' id='word_1_310' title='bbox 822 2422 860 2449; x_wconf 87' lang='lat' dir='ltr'><strong>non</strong></span> 
     </span>
     <span class='ocr_line' id='line_1_33' title="bbox 128 2466 863 2526; baseline 0 -11"><span class='ocrx_word' id='word_1_311' title='bbox 128 2482 158 2516; x_wconf 87' lang='lat' dir='ltr'><strong>cst</strong></span> <span class='ocrx_word' id='word_1_312' title='bbox 171 2466 276 2517; x_wconf 83' lang='lat' dir='ltr'><strong>revelatum</strong></span> <span class='ocrx_word' id='word_1_313' title='bbox 291 2474 342 2515; x_wconf 89' lang='lat' dir='ltr'><strong>omui</strong></span> <span class='ocrx_word' id='word_1_314' title='bbox 357 2474 417 2518; x_wconf 82' lang='lat' dir='ltr'><strong>carni,</strong></span> <span class='ocrx_word' id='word_1_315' title='bbox 436 2473 480 2523; x_wconf 87' lang='lat' dir='ltr'><strong>quia</strong></span> <span class='ocrx_word' id='word_1_316' title='bbox 493 2476 565 2511; x_wconf 87' lang='lat' dir='ltr'><strong>tautam</strong></span> <span class='ocrx_word' id='word_1_317' title='bbox 579 2473 658 2524; x_wconf 88' lang='lat' dir='ltr'><strong>gloriam</strong></span> <span class='ocrx_word' id='word_1_318' title='bbox 672 2472 703 2512; x_wconf 86' lang='lat' dir='ltr'><strong>dat</strong></span> <span class='ocrx_word' id='word_1_319' title='bbox 716 2475 789 2524; x_wconf 84' lang='lat' dir='ltr'><strong>augelis</strong></span> <span class='ocrx_word' id='word_1_320' title='bbox 805 2487 863 2526; x_wconf 81' lang='lat' dir='ltr'><strong>super</strong></span> 
     </span>
     <span class='ocr_line' id='line_1_34' title="bbox 128 2541 862 2596; baseline 0 -13"><span class='ocrx_word' id='word_1_321' title='bbox 128 2544 215 2596; x_wconf 88' lang='lat' dir='ltr'><strong>singulos</strong></span> <span class='ocrx_word' id='word_1_322' title='bbox 231 2544 304 2583; x_wconf 89' lang='lat' dir='ltr'><strong>coelos.</strong></span> <span class='ocrx_word' id='word_1_323' title='bbox 332 2543 356 2582; x_wconf 83' lang='lat' dir='ltr'><strong>Et</strong></span> <span class='ocrx_word' id='word_1_324' title='bbox 370 2541 492 2593; x_wconf 89' lang='lat' dir='ltr'><strong>respondeus</strong></span> <span class='ocrx_word' id='word_1_325' title='bbox 506 2541 584 2592; x_wconf 88' lang='lat' dir='ltr'><strong>augelus</strong></span> <span class='ocrx_word' id='word_1_326' title='bbox 595 2541 640 2580; x_wconf 87' lang='lat' dir='ltr'><strong>dixit</strong></span> <span class='ocrx_word' id='word_1_327' title='bbox 650 2542 704 2581; x_wconf 88' lang='lat' dir='ltr'><strong>mihi:</strong></span> <span class='ocrx_word' id='word_1_328' title='bbox 720 2553 777 2592; x_wconf 87' lang='lat' dir='ltr'><strong>quare</strong></span> <span class='ocrx_word' id='word_1_329' title='bbox 787 2543 862 2583; x_wconf 89' lang='lat' dir='ltr'><strong>miraris</strong></span> 
     </span>
     <span class='ocr_line' id='line_1_35' title="bbox 129 2608 863 2664; baseline -0.001 -12"><span class='ocrx_word' id='word_1_330' title='bbox 129 2611 153 2652; x_wconf 88' lang='lat' dir='ltr'><strong>de</strong></span> <span class='ocrx_word' id='word_1_331' title='bbox 167 2612 216 2657; x_wconf 91' lang='lat' dir='ltr'><strong>hoc,</strong></span> <span class='ocrx_word' id='word_1_332' title='bbox 233 2610 285 2664; x_wconf 85' lang='lat' dir='ltr'><strong>quod</strong></span> <span class='ocrx_word' id='word_1_333' title='bbox 300 2623 339 2650; x_wconf 90' lang='lat' dir='ltr'><strong>non</strong></span> <span class='ocrx_word' id='word_1_334' title='bbox 354 2615 398 2649; x_wconf 90' lang='lat' dir='ltr'><strong>sunt</strong></span> <span class='ocrx_word' id='word_1_335' title='bbox 411 2611 467 2649; x_wconf 84' lang='lat' dir='ltr'><strong>unius</strong></span> <span class='ocrx_word' id='word_1_336' title='bbox 483 2608 571 2660; x_wconf 78' lang='lat' dir='ltr'><strong>speciei?</strong></span> <span class='ocrx_word' id='word_1_337' title='bbox 590 2621 628 2648; x_wconf 88' lang='lat' dir='ltr'><strong>noa</strong></span> <span class='ocrx_word' id='word_1_338' title='bbox 643 2610 694 2648; x_wconf 87' lang='lat' dir='ltr'><strong>enirn</strong></span> <span class='ocrx_word' id='word_1_339' title='bbox 708 2609 771 2650; x_wconf 84' lang='lat' dir='ltr'><strong>vidisti</strong></span> <span class='ocrx_word' id='word_1_340' title='bbox 786 2610 863 2662; x_wconf 88' lang='lat' dir='ltr'><strong>insupe-</strong></span> 
     </span>
     <span class='ocr_line' id='line_1_36' title="bbox 129 2673 864 2728; baseline 0.001 -11"><span class='ocrx_word' id='word_1_341' title='bbox 129 2679 198 2718; x_wconf 86' lang='lat' dir='ltr'><strong>rabiles</strong></span> <span class='ocrx_word' id='word_1_342' title='bbox 213 2679 293 2719; x_wconf 83' lang='lat' dir='ltr'><strong>virtutos</strong></span> <span class='ocrx_word' id='word_1_343' title='bbox 309 2673 400 2716; x_wconf 76' lang='lat' dir='ltr'><strong>et&#39;millia</strong></span> <span class='ocrx_word' id='word_1_344' title='bbox 414 2678 495 2716; x_wconf 87' lang='lat' dir='ltr'><strong>millium</strong></span> <span class='ocrx_word' id='word_1_345' title='bbox 513 2677 630 2727; x_wconf 58' lang='lat' dir='ltr'><strong>angelorum,</strong></span> <span class='ocrx_word' id='word_1_346' title='bbox 658 2678 682 2717; x_wconf 83' lang='lat' dir='ltr'><strong>llt</strong></span> <span class='ocrx_word' id='word_1_347' title='bbox 695 2682 769 2728; x_wconf 83' lang='lat' dir='ltr'><strong>postea</strong></span> <span class='ocrx_word' id='word_1_348' title='bbox 779 2690 864 2728; x_wconf 84' lang='lat' dir='ltr'><strong>assump-</strong></span> 
     </span>
    </p>
   </div>
   <div class='ocr_carea' id='block_1_3' title="bbox 128 2812 864 2930">
    <p class='ocr_par' dir='ltr' id='par_1_3' title="bbox 128 2812 864 2930">
     <span class='ocr_line' id='line_1_37' title="bbox 129 2812 863 2864; baseline -0.001 -11"><span class='ocrx_word' id='word_1_349' title='bbox 129 2826 169 2853; x_wconf 90' lang='lat' dir='ltr'><strong>non</strong></span> <span class='ocrx_word' id='word_1_350' title='bbox 182 2812 222 2854; x_wconf 81' lang='lat' dir='ltr'><strong>&#39;ridi</strong></span> <span class='ocrx_word' id='word_1_351' title='bbox 238 2815 257 2853; x_wconf 90' lang='lat' dir='ltr'><strong>in</strong></span> <span class='ocrx_word' id='word_1_352' title='bbox 273 2812 339 2864; x_wconf 82' lang='lat' dir='ltr'><strong>quinto</strong></span> <span class='ocrx_word' id='word_1_353' title='bbox 355 2812 422 2856; x_wconf 83' lang='lat' dir='ltr'><strong>coelo,</strong></span> <span class='ocrx_word' id='word_1_354' title='bbox 446 2817 465 2851; x_wconf 87' lang='lat' dir='ltr'><strong>et</strong></span> <span class='ocrx_word' id='word_1_355' title='bbox 485 2813 550 2863; x_wconf 83' lang='lat' dir='ltr'><strong>aspexi</strong></span> <span class='ocrx_word' id='word_1_356' title='bbox 568 2812 656 2863; x_wconf 88' lang='lat' dir='ltr'><strong>angelum</strong></span> <span class='ocrx_word' id='word_1_357' title='bbox 676 2813 696 2850; x_wconf 92' lang='lat' dir='ltr'><strong>in</strong></span> <span class='ocrx_word' id='word_1_358' title='bbox 716 2812 776 2863; x_wconf 83' lang='lat' dir='ltr'><strong>gloria</strong></span> <span class='ocrx_word' id='word_1_359' title='bbox 790 2824 863 2864; x_wconf 83' lang='lat' dir='ltr'><strong>magua,</strong></span> 
     </span>
     <span class='ocr_line' id='line_1_38' title="bbox 128 2880 864 2930; baseline -0.007 -7"><span class='ocrx_word' id='word_1_360' title='bbox 128 2889 146 2923; x_wconf 88' lang='lat' dir='ltr'><strong>et</strong></span> <span class='ocrx_word' id='word_1_361' title='bbox 166 2883 215 2923; x_wconf 87' lang='lat' dir='ltr'><strong>facta</strong></span> <span class='ocrx_word' id='word_1_362' title='bbox 244 2882 332 2921; x_wconf 86' lang='lat' dir='ltr'><strong>virtutum</strong></span> <span class='ocrx_word' id='word_1_363' title='bbox 352 2886 405 2921; x_wconf 86' lang='lat' dir='ltr'><strong>erant</strong></span> <span class='ocrx_word' id='word_1_364' title='bbox 425 2881 542 2922; x_wconf 87' lang='lat' dir='ltr'><strong>honorabilia</strong></span> <span class='ocrx_word' id='word_1_365' title='bbox 563 2885 582 2920; x_wconf 89' lang='lat' dir='ltr'><strong>et</strong></span> <span class='ocrx_word' id='word_1_366' title='bbox 602 2880 746 2930; x_wconf 72' lang='lat' dir='ltr'><strong>praecedentia,</strong></span> <span class='ocrx_word' id='word_1_367' title='bbox 770 2882 864 2921; x_wconf 89' lang='lat' dir='ltr'><strong>canticum</strong></span> 
     </span>
    </p>
   </div>
   <div class='ocr_carea' id='block_1_4' title="bbox 0 0 891 3137">
    <p class='ocr_par' dir='ltr' id='par_1_4' title="bbox 0 0 891 3137">
     <span class='ocr_line' id='line_1_39' title="bbox 0 0 891 3137; baseline 0 0"><span class='ocrx_word' id='word_1_368' title='bbox 0 0 891 3137; x_wconf 95' lang='lat' dir='ltr'><strong> </strong></span> 
     </span>
    </p>
   </div>
  </div>
 </body>
</html>
