1807 3145
394 150 458 186 Enochi
469 150 517 186 liber.
781 159 819 199 tta
859 127 861 134 ὲ

145 263 165 312 1)
181 262 210 303 ab
226 260 263 304 hec
277 262 321 305 inde
336 268 422 315 tempore
437 276 534 319 nunquam
544 267 652 310 ascendetis
662 269 681 308 in
691 268 773 311 coelum.
788 269 821 309 illc

91 334 144 378 dixit,
165 329 217 382 quod
231 328 250 369 in
264 337 314 372 terra
329 331 400 372 vinciet
413 346 458 381 vos,
482 348 538 387 quarn
553 335 584 375 diu
599 336 682 376 mundus
697 338 737 378 evit.

144 400 164 448 b)
179 399 219 438 Sed
233 405 276 440 avite
290 402 324 439 iras
339 413 371 440 res
381 392 473 443 videbilis
491 404 588 444 interitum
607 404 690 444 liliorum
703 410 822 451 vestrorum;

90 480 128 509 nura
142 467 267 518 possidebitis
282 479 327 514 eos,
348 469 384 509 sed
399 481 464 510 coram
478 472 533 511 vobis
548 472 651 513 caedentur
665 474 727 519 lerro;

145 536 164 584 6)
178 536 245 587 Neque
259 536 332 588 aliquid
345 537 471 588 impetrabitis
485 551 520 591 pro
534 541 567 586 iis,
587 552 623 579 nec
637 553 672 592 pro
686 540 740 581 vobis
754 541 808 591 ipsis.

144 604 164 651 7)
180 602 219 643 Sed
232 603 302 642 flebitis
318 608 337 643 et
350 605 482 656 supplicabitis
497 607 516 645 in
531 606 612 647 silentio.
635 607 687 647 Haec
702 608 759 648 verba
772 607 822 651 libri,

94 682 150 723 quem
165 671 240 722 scripsi.
256 685 257 690 ¹
380 714 385 716 ,

135 739 232 795 ¹S)'Visio
247 739 293 790 mihi
307 739 405 791 apparuit:

146 806 166 854 9)
180 805 241 851 Ecce,
259 807 278 845 in
293 806 367 847 visione
383 807 445 848 nubes
460 813 479 848 et
492 809 562 850 nebula
576 809 696 850 involverunt
710 820 751 855 me;
771 813 824 849 mota

93 876 155 915 sidera
173 879 193 912 et
211 873 284 924 fulgura
302 874 397 924 agitabant
415 881 435 915 et
453 877 585 926 propellebant
604 890 646 921 me,
673 876 717 915 dum
735 876 787 916 venti
804 876 824 915 iu

92 941 165 982 visione
175 939 288 990 juvaverunt
301 940 365 991 fugam
378 952 453 988 meam,
472 943 603 984 accelerantes
616 950 740 995 progressum
753 953 823 988 meum,

133 1010 164 1059 lli)
179 1010 300 1050 Sustulerunt
314 1022 346 1048 me
361 1010 385 1049 ad
399 1011 457 1050 altum
472 1012 528 1051 coeli.
553 1012 690 1057 Procedebam
706 1009 769 1050 donec
781 1022 823 1061 per-

90 1078 133 1119 veni
148 1077 171 1118 ad
190 1089 265 1117 murum
280 1077 374 1128 lapidibus
395 1079 480 1129 crystalli
493 1084 616 1119 exstructum.
647 1080 731 1120 Flamma
745 1079 820 1119 vibrans

91 1145 220 1185 circumdabat
234 1156 290 1188 eum,
311 1156 359 1195 quae
374 1147 439 1196 coepit
452 1159 484 1185 mc
498 1152 572 1186 terrore
587 1149 699 1198 percellere.
735 1168 736 1171 =

133 1212 166 1259 11)
181 1211 202 1249 ln
216 1211 264 1249 hanc
279 1210 375 1250 llammam
390 1223 427 1262 ego
442 1212 520 1257 intravi3

133 1278 165 1325 l‘t)
180 1278 203 1316 Et
217 1278 365 1328 appropinquavi
380 1278 403 1316 ad
420 1280 524 1330 spatiosum
538 1278 655 1319 domicilium
666 1290 726 1330 aeque
738 1278 823 1317 adstrue·

92 1351 132 1385 um
147 1344 243 1398 lapidibus
258 1344 347 1394 crystalli.
375 1345 425 1384 illuri
440 1357 516 1397 quoquc
535 1346 577 1395 ejus
592 1352 611 1386 et
627 1347 756 1396 pavimentum
771 1349 824 1384 erarii

93 1409 184 1463 [formati]
200 1411 294 1463 lapidibus
310 1411 403 1462 crystalli,
426 1413 482 1452 etiam
502 1413 645 1453 fundamentum
664 1417 704 1452 erat
717 1411 823 1462 crystallus,

92 1483 164 1518 tectum
179 1477 221 1528 ejrrs
233 1476 336 1528 praebebat
345 1478 430 1529 speciem
445 1484 540 1518 matorum
554 1479 638 1518 siderum
653 1492 674 1519 ac
687 1479 791 1530 fulgurum;
805 1483 824 1517 ct

90 1547 139 1585 inter
149 1558 172 1585 ca
182 1550 236 1584 erant
246 1545 348 1597 Cherubim
358 1546 416 1597 ignei⁷
431 1550 450 1585 et
460 1547 536 1586 coelum
546 1558 612 1586 eorum
623 1552 663 1586 erat
671 1557 724 1597 aqua.
739 1547 824 1585 Flamma

91 1613 169 1654 ardebat
183 1615 234 1653 eirca
248 1613 290 1664 ejus
304 1625 381 1659 muros,
397 1618 416 1653 et
427 1614 486 1664 y'anua
500 1614 542 1664 ejus
559 1615 676 1654 coruscabat.
704 1612 741 1653 Ubi
754 1612 822 1652 intravi

92 1682 111 1720 in
125 1681 164 1720 hoc
180 1675 312 1730 domicilium
324 1680 405 1720 caliclnm
415 1686 460 1738 'erat
473 1685 494 1720 ul
507 1681 562 1732 ignis,
578 1687 598 1721 et
607 1681 695 1733 frigidum
709 1684 730 1719 ut
744 1681 821 1730 glacies.

90 1748 167 1785 Nullum
182 1748 342 1786 oblectamentum
356 1760 393 1786 nec
407 1749 445 1787 vita
460 1754 491 1788 est
503 1749 522 1788 in
537 1761 567 1788 eo.
591 1749 662 1789 Terror
676 1748 776 1797 occupavit
789 1757 820 1785 me

91 1818 110 1853 el
123 1813 229 1853 horrendus
243 1817 316 1852 tremor
329 1814 380 1864 cepit
393 1826 430 1852 me.

134 1880 166 1929 13)
180 1879 309 1922 Vehementer
324 1886 431 1921 commotus
442 1886 461 1922 et
471 1886 555 1922 tremens
566 1881 627 1920 cecidi
640 1881 737 1919 infaciem
751 1889 819 1918 meam,

4 1958 9 1978 1
83 1949 109 1987 ·ln
124 1948 198 1989 visione
213 1947 309 1998 conspexi,

133 2015 165 2062 ll)
179 2015 202 2053 Et
220 2025 267 2052 ecce
288 2013 353 2053 aderat
370 2014 451 2053 alterum
471 2014 588 2052 domicilium
608 2014 670 2063 majus
690 2025 747 2064 qnam
760 2013 819 2063 prius,

91 2080 146 2131 cujus
161 2080 224 2119 omnis
238 2079 300 2120 aditus
313 2081 390 2131 patebat
403 2081 458 2126 mihi,
480 2085 585 2120 extructum
600 2093 610 2120 e
624 2081 705 2121 vibranti
717 2080 798 2126 flamma,

133 2149 166 2197 15)
180 2148 235 2189 Adeo
250 2149 347 2189 excellens
363 2149 415 2188 omni
429 2149 499 2197 modo,
520 2151 540 2189 in
554 2149 625 2201 gloria,
645 2149 665 2188 in
679 2147 820 2200 magnificentia

90 2222 109 2257 et
126 2218 146 2258 in
170 2211 309 2269 magnitudine,
333 2222 354 2257 nl
372 2217 458 2259 ,describi
478 2217 533 2258 vobis
552 2221 635 2268 nequeat
654 2221 672 2256 et
692 2214 783 2267 splendor
801 2219 821 2254 et

91 2286 193 2336 amplitudo
208 2285 255 2334 cy'us.

133 2352 165 2401 ld)
179 2351 247 2390 Solum
261 2349 302 2401 ejus
316 2349 405 2401 igneum3
429 2349 512 2400 desuper
531 2352 584 2389 erant
598 2349 672 2400 fulgura
686 2359 709 2388 ac
723 2348 819 2387 currentia

91 2418 161 2467 sidera,
179 2423 250 2461 tectum
265 2418 307 2468 ejus
322 2416 406 2457 ostendit
420 2416 517 2457 ardentem
531 2417 600 2469 ignem.

133 2487 165 2537 17)
179 2488 267 2527 altientus
282 2484 406 2525 circumibam
419 2477 472 2531 illud,
488 2488 507 2525 et
517 2483 555 2526 vidi
566 2482 618 2535 quod
630 2483 740 2543 contiuebat
750 2484 819 2525 solium

92 2555 198 2600 excelsum;

134 2620 165 2667 18)
179 2620 203 2660 Et
221 2622 308 2670 aspectus
329 2616 371 2669 ejus
385 2619 435 2658 sicut
454 2618 532 2669 pruinae
538 2628 543 2663 ;
568 2617 659 2658 circuitus
678 2616 720 2666 ejvs
735 2618 822 2668 aequavit

92 2685 158 2727 orbem
173 2686 291 2738 splendentis
306 2687 363 2734 sotts;
383 2692 402 2727 et
416 2684 495 2737 [aderat]
510 2698 547 2726 vor
562 2684 669 2725 Cherubim.

135 2755 166 2801 re)
180 2755 204 2795 lit
218 2754 242 2795 de
257 2753 292 2795 sub
307 2753 376 2792 throno
391 2764 460 2804 magno
474 2752 509 2793 rivi
524 2751 606 2792 ardentis
620 2752 670 2803 ignis
685 2749 807 2791 delituerunt.

646 2822 670 2856 ra
680 2817 692 2840 1
