1807 3145
331 191 357 227 De
367 195 421 226 morte
432 189 488 225 blesis.
733 196 774 235 337

44 278 178 364 peccaffirffus
192 309 277 355 multum,
293 306 344 359 quod
359 307 485 351 committunt,
500 304 597 356 retribuet.
625 305 685 347 Unius
700 312 720 348 et
734 309 775 361 qui-

46 379 88 418 dem
110 377 201 418 levissimi
221 388 291 417 noxam
311 376 331 415 in
349 375 406 417 Mose
426 373 475 415 adeo
490 372 604 422 vindicavit,
624 381 646 416 ut
658 378 775 428 promissam

46 456 89 486 eum
106 449 177 484 terram
197 445 272 497 ingredi
290 444 390 488 uoluerit,v
406 455 462 494 quam
476 443 534 493 longe
549 444 623 493 gravius
637 445 657 482 in
672 446 719 484 alios
735 447 775 484 ani-

46 511 190 554 madversurum
203 511 275 565 putas?
308 510 404 563 Scriptum
424 509 482 562 igitur
502 511 539 550 hoc
560 510 584 550 dc
605 511 638 551 illc
661 513 774 565 explicabis:

46 583 115 623 Ecce
127 572 254 631 justusin
267 585 348 625 terra,
365 583 401 619 etc.
417 577 460 629 quia
475 577 560 621 decrevit
573 579 625 619 Deus
641 593 685 621 eum
698 586 774 627 terram,

48 661 103 702 quam
117 650 214 700 pollicitus
229 653 275 695 erat,
290 660 329 686 non
344 647 481 698 ingressurum.
502 648 531 686 De
545 648 579 686 illc
593 650 664 699 pariter
678 651 726 689 haec
740 651 774 688 Sa-

47 717 129 757 lomonis
150 718 255 769 intelliges:
284 717 326 756 sub
343 715 404 755 Sole
425 727 470 756 nec
488 716 627 757 velocibus
647 718 774 770 effugium,

47 797 93 825 nec
114 786 228 826 fortibus
249 784 354 830 bellum,
379 796 423 823 nec
444 783 604 834 sapientibus
625 787 707 836 panis,
731 802 776 828 nec

47 854 220 908 prudentibus
239 853 358 898 divitiae,
380 863 424 891 nec
444 851 699 904 scientibus'gratia,
721 868 778 907 quc·

49 923 114 962 niam
134 926 232 973 tempus
254 926 277 961 et
297 925 406 965 eventus
428 912 548 959 omnibus
573 922 701 963 accident.
728 925 777 964 Nec

47 989 186 1030 velocibus
205 990 271 1035 velox,
290 989 357 1030 illesas
372 992 413 1034 est,
434 987 457 1027 de
473 998 510 1038 quo
525 988 604 1029 dicitur:
619 992 735 1032 ascende
750 993 779 1032 ad

48 1060 136 1105 Deum,
156 1063 176 1098 ct
195 1059 225 1097 cui
240 1057 310 1098 dictum
325 1061 365 1103 est,
389 1053 408 1103 l,
430 1054 565 1099 descende.
592 1058 641 1099 Nec
659 1059 777 1110 fortibus,

47 1127 102 1168 lortis
112 1127 186 1178 iterum
200 1127 268 1168 Moses
284 1130 325 1172 est,
345 1126 394 1164 sicut
408 1129 459 1177 patet
473 1136 496 1164 ex
510 1125 556 1165 illc:
576 1126 713 1169 Civitatem
730 1130 778 1170 ior-

48 1197 109 1235 tium
131 1194 251 1234 ascendit
275 1193 392 1244 sapiens,
417 1196 440 1230 et
462 1183 601 1233 descendit
622 1197 745 1237 robustus
769 1210 778 1237 a

48 1262 154 1308 fiducia,
170 1265 195 1302 et
208 1259 311 1314 ¹quando
322 1260 395 1317 ¹venit
408 1260 473 1306 hora,
489 1261 604 1302 nonfuit
616 1262 655 1302 illi
669 1265 778 1306 verbum.

50 1330 117 1378 Quae
139 1334 292 1381 sequuntur,
315 1341 360 1368 nec
382 1329 545 1379 sapientibus
566 1331 649 1380 panis,
664 1344 730 1373 rursus
755 1336 779 1375 de

49 1400 107 1440 llllcse
121 1401 198 1452 accipe,
214 1400 247 1451 qui
261 1397 339 1449 sapiens
354 1396 416 1452 dictus
431 1401 470 1444 est,
486 1409 529 1436 cum
543 1398 610 1438 coelos
625 1401 721 1453 ascendit,
741 1415 781 1443 non

51 1457 135 1507 comedit
148 1478 223 1521 panem,
238 1477 274 1505 nec
289 1476 358 1516 aquam
371 1464 424 1511 bibit,
439 1465 477 1504 uisi
491 1465 515 1505 de
529 1476 578 1516 panc
591 1466 651 1519 legis,
667 1478 705 1519 quo
720 1470 782 1510 oleba-

50 1528 178 1588 torcanuo
194 1535 296 1575 scribitur:
315 1535 406 1575 Panem
424 1534 529 1584 fortium
549 1535 660 1576 comedit
673 1539 716 1579 vir.
745 1539 782 1579 Hic

51 1605 79 1646 vir
92 1605 160 1647 llloses
175 1609 210 1651 est,
226 1610 254 1645 ut:
266 1605 293 1645 111
308 1591 345 1645 vir
358 1603 445 1658 Moses
459 1605 604 1644 mansuetus
618 1605 694 1646 valde.
712 1607 782 1648 Fortes

52 1674 109 1713 etiam
123 1678 216 1714 vocantur
229 1672 298 1724 Angeli
311 1672 424 1718 ministerii,
439 1672 469 1711 ut:
489 1672 616 1712 Potentes
636 1673 732 1714 robore
751 1676 782 1716 fa·

53 1740 152 1780 cientes
173 1740 274 1781 verbum
295 1738 355 1790 ejus.
393 1737 448 1778 Unde
469 1738 599 1778 Rahbinorum
620 1739 699 1780 dictum:
727 1744 782 1794 panis

52 1807 128 1848 sortium
143 1807 221 1865 11111111,
233 1808 253 1847 in
268 1819 305 1860 quo
320 1806 430 1848 mercedem
440 1807 517 1859 capiunt
526 1807 601 1859 Angeli,
616 1811 672 1861 atque
686 1810 717 1849 hic
728 1811 782 1851 cibus
847 1852 849 1854 ,

53 1877 149 1918 sufficiens
164 1882 183 1918 ct
196 1880 272 1927 paratus
287 1876 333 1917 alias
348 1876 425 1923 dicitur,
445 1876 498 1916 utin
512 1877 679 1918 BreschitRabba
694 1878 782 1919 adhunc

53 1944 129 1983 locum:
143 1944 267 1985 Viderunt
286 1945 372 1989 Deum,
394 1950 417 1983 et
436 1944 654 1984 manducaverunt
668 1951 697 1985 'ct
716 1946 784 1987 111111-

54 2015 123 2059 runt‚
139 2010 217 2052 denotat
230 2021 296 2051 corum
312 2010 379 2051 oculos
394 2009 457 2052 divina
470 2012 578 2063 praesentia
592 2013 651 2064 pasci.
679 2000 707 2054 11.ι
716 2013 783 2070 lechas

54 2091 98 2119 nam
113 2081 139 2120 ait
153 2080 207 2119 cibus
222 2078 333 2127 sufficiens,
355 2080 449 2125 horest,
471 2079 523 2130 quod
537 2079 616 2120 dicitur:
636 2082 663 2121 ln
683 2082 784 2123 lumine

54 2150 140 2190 vultus
154 2149 232 2201 Regis
246 2150 322 2190 vitae.
351 2148 444 2189 Nimirum
458 2148 512 2188 cibus
527 2149 559 2189 hic
574 2149 653 2189 inferior
667 2153 687 2190 ct
696 2150 786 2203 caligino-

58 2229 92 2256 sus
115 2230 138 2257 ex
157 2217 243 2267 pluribus
266 2223 285 2256 et
303 2217 353 2256 inter
373 2229 394 2255 se
416 2216 509 2256 connexis
531 2217 593 2256 causis
612 2217 710 2258 hominem
723 2222 788 2259 tamen

57 2285 134 2325 alternis
148 2286 207 2326 nutrit
222 2289 241 2325 et
254 2284 321 2331 fulcit,
337 2287 407 2336 quanto
422 2284 483 2336 magis
498 2295 555 2331 eum,
571 2283 603 2335 qui
617 2283 679 2330 videt,
695 2284 785 2336 concipit,

57 2364 78 2392 ac
93 2354 162 2392 mentis
178 2355 235 2392 oculo
249 2354 333 2393 intuetur
347 2364 424 2392 causam
439 2364 544 2405 causarum,
560 2363 651 2392 arcanum
665 2364 786 2408 arcanorum,

58 2424 77 2460 et
91 2420 176 2460 omnium
190 2419 343 2465 tundamentum,
358 2431 397 2458 non
412 2418 490 2458 dubium
505 2422 545 2464 est,
560 2418 596 2457 hac
610 2418 714 2460 immortali
727 2421 789 2463 heati-

58 2487 124 2527 tudine
138 2487 219 2527 feliciter
233 2487 256 2525 ali
272 2497 294 2526 ac
309 2487 381 2525 nutriri.
409 2486 443 2525 llla
458 2486 510 2525 euim
524 2485 623 2527 sulliciens
638 2488 692 2528 cibus
707 2495 748 2536 est,
764 2491 788 2531 de

60 2560 97 2605 quc
120 2555 171 2595 huuc
193 2555 258 2593 locum
279 2554 448 2610 interpretaberis:
476 2553 535 2592 ¹luit
556 2553 595 2593 ibi
617 2554 789 2608 quadraginta

60 2622 113 2666 dies
135 2629 158 2665 et
177 2621 283 2664 totidem
305 2626 408 2668 noctes,
430 2632 520 2672 patrem
541 2633 589 2661 non
608 2623 730 2671 comedit,
751 2630 789 2665 etc,

60 2691 153 2731 Nimirum
168 2702 211 2731 cum
224 2690 324 2729 invalescit
338 2690 368 2729 vis
383 2690 457 2728 animae
472 2694 570 2739 separatae
585 2701 620 2739 per
629 2683 720 2740 Spiritum
735 2704 790 2730 sanc-

60 2751 246 2811 tum-Creatorique
261 2768 306 2803 suc,
323 2768 380 2807 quem
395 2755 471 2808 cogitat,
488 2755 647 2796 adhaerentem
662 2768 732 2809 segnes
746 2757 789 2796 reli-

62 2838 110 2877 quos
132 2839 201 2868 sensus
223 2826 276 2867 otiari
301 2825 405 2876 contingit,
428 2829 449 2865 ct
470 2823 562 2876 quidquid
584 2824 604 2865 in
624 2824 709 2874 abjectas
729 2824 790 2864 hasce

84 2904 144 2951 Propla,
290 2895 292 2897 V
632 2896 659 2932 22
