1807 3145
312 176 337 211 lie
349 180 403 212 morto
415 176 470 213 iliosis.
723 181 762 222 351

36 297 74 343 est,
89 290 141 345 quod
156 291 235 344 amplius
250 291 324 348 addam
340 292 414 339 sedeo
429 293 463 334 libi
476 293 521 333 loco
536 292 653 338 moriendum
663 295 725 341 statui,
739 295 767 336 ibi

35 361 182 415 congregaberis
197 362 220 402 ad
231 363 326 415 populum
340 368 398 403 tuum.
428 362 514 414 Septima
524 360 611 412 cJ'usdem
620 365 692 405 mensis
703 363 766 404 audita

35 436 64 472 est
78 431 169 469 coelestis
184 443 232 476 vox,
249 442 297 481 quae
312 431 381 471 Mosen
397 431 421 468 de
436 436 497 469 morte
512 432 591 469 instanti
604 433 689 477 monuit,
710 433 767 473 nihii,

35 509 70 551 que
85 496 133 537 vitae
146 502 223 548 praeter
235 498 286 537 hunc
297 496 349 536 diem
360 507 463 548 superesse
474 497 523 537 dixit.
547 497 595 537 Nam
604 499 683 549 septima
693 500 765 540 mensis

35 555 84 609 idat
104 571 169 613 natus,
191 566 259 608 eadem
280 566 379 620 homiuem
401 566 456 612 exuit,
477 565 501 606 ad
522 564 684 608 confirmationem
704 567 762 615 illius,

35 646 156 678 numerum
176 625 269 675 dierum
288 639 384 674 tuorum
405 633 519 686 implebo.
547 634 569 675 R,
585 635 656 682 Chalbo
676 637 706 682 ait,
723 648 767 676 eum

35 708 69 745 hac
83 704 125 754 ipsa
140 703 171 743 die
185 704 280 744 tredecim
295 704 354 743 libros
369 703 417 754 legis
432 715 489 743 manu
498 704 574 753 propria
584 704 691 755 descriptos
704 704 767 755 singu‘-
833 756 835 758 ‚

36 774 59 812 lis
75 771 171 811 Tribubus
186 783 244 811 unum
259 770 373 817 tradidisse,
388 771 467 812 monitis
481 770 564 810 seorsim
581 770 627 811 viris
645 783 667 809 ac
685 771 768 810 mulieri-

38 842 79 886 bus,
94 845 115 881 ut
129 852 171 882 eam
187 841 268 892 ejusque
283 843 384 891 praecepta
398 843 508 885 servarene
524 842 662 891 quemaulem
675 838 696 878 in
709 838 769 877 mani-

35 911 70 950 bus
91 908 185 955 habebat,
212 920 256 948 eum
274 908 296 947 iu
317 918 361 947 arca
382 906 495 948 collocavit:
517 905 660 957 decipietis
681 907 768 957 librum

36 975 98 1027 legis
121 980 144 1015 et
163 975 264 1026 ponetis
288 985 340 1014 eum
362 975 385 1013 in
404 975 484 1014 latere
506 985 578 1014 arcae
598 975 770 1014 ioedcrisDei

36 1045 119 1086 vestri.
153 1044 191 1085 hlii
210 1042 325 1088 ,Gabrielem
346 1030 604 1094 descendisseperhibont,
630 1046 769 1096 acceptumque

35 1113 96 1155 Masis
110 1114 200 1154 uolumen
214 1126 248 1165 per
261 1124 330 1152 omnes
345 1110 485 1151 circumtulisse
500 1109 578 1156 coelos,
593 1110 617 1150 ad
632 1111 672 1162 ejus
687 1112 770 1164 gloriam

36 1187 55 1221 et
73 1181 146 1225 decus,
169 1181 332 1230 proclamantibus
354 1181 430 1219 interim
452 1180 504 1219 aliis:
525 1179 652 1220 iustitiam
673 1173 770 1220 Domini

36 1249 101 1289 iecit..
131 1248 182 1295 Quin
205 1252 224 1289 el
244 1248 342 1288 iustorum
365 1247 448 1293 animae,
471 1244 555 1289 secunda
575 1246 631 1294 feria,
655 1249 730 1299 quinta,
750 1252 770 1287 et

38 1316 130 1366 septima,
144 1315 213 1355 diebus
229 1316 286 1355 etiam
301 1316 354 1365 iestis
368 1319 389 1354 et
403 1315 457 1359 stalis
473 1326 495 1353 ao
506 1313 624 1354 solemnibus
634 1316 653 1354 11
664 1329 687 1355 eo
697 1316 769 1367 legunt¹

37 1382 94 1423 hddit
112 1384 133 1423 R.
147 1383 234 1429 laschia,
256 1385 321 1422 Mosen
336 1382 374 1421 hoc
394 1382 437 1433 ipso
458 1386 558 1421 momento
577 1384 678 1426 maximum
699 1383 770 1425 iosuae

37 1452 131 1490 honorem
150 1449 258 1489 exhibuisse
278 1450 298 1489 in
312 1450 439 1489 Israelitatum
461 1450 532 1495 oculis,
554 1460 635 1499 quorum
654 1462 690 1501 per
710 1456 772 1490 castra
826 1467 828 1469 ·

37 1530 153 1570 praeconem
177 1516 285 1558 discurrere
307 1515 377 1567 jussit,
403 1526 470 1554 omnes
495 1520 659 1560 conuocaturum,
683 1517 705 1553 ut
727 1514 773 1555 noui

37 1587 142 1639 Prophetae
163 1584 336 1629 uerba-audirent.
371 1582 412 1623 illis
433 1581 566 1632 praesentibus
586 1580 654 1622 Moses
681 1593 704 1621 ex
726 1593 772 1627 auro

38 1654 118 1700 solium,
134 1665 226 1692 coronam
240 1652 347 1702 margaritis
363 1650 483 1694 distinctam,
503 1649 579 1698 regium
593 1649 676 1697 pileum,
695 1651 714 1686 et
728 1658 773 1705 pum

38 1734 117 1774 paream
131 1726 205 1762 restem
220 1720 289 1760 adferri
301 1718 362 1768 jubet.
391 1716 434 1767 ipse
449 1715 524 1766 singula
545 1713 649 1766 disponens
668 1712 773 1768 Josueiu-

39 1791 83 1838 duit,
98 1791 205 1842 proximum
213 1788 277 1834 Calah,
292 1786 379 1837 Jephune
394 1783 459 1829 filium,
474 1784 598 1833 interpretem
612 1782 682 1823 statuit.
711 1780 772 1821 Josue

38 1860 99 1912 legem
114 1856 225 1910 explanabat
235 1868 300 1896 coram
309 1855 376 1899 Mose,
391 1853 508 1904 principibus
523 1856 638 1895 turmarum,
654 1849 776 1901 septuaginta

40 1928 112 1966 duobus
126 1926 238 1969 iudicibus,
261 1922 398 1962 Sacerdotibus
420 1925 439 1959 et
458 1921 548 1959 universo
561 1918 633 1962 lsrael,
650 1917 682 1967 qni
701 1929 769 1956 omnes

40 2007 81 2036 curn
95 1995 151 2038 Mose
164 1992 302 2044 discipulorum
316 1988 340 2030 ad
354 1989 423 2035 instar,
439 1985 554 2027 audiebant:

92 2057 446 2106 BenedictusDominusDeus
457 2054 546 2102 Israel,
563 2052 683 2105 quidedit
696 2051 776 2104 legem

38 2130 265 2184 permanushlosis
280 2123 561 2179 praeceptorisnostri,
576 2122 643 2162 serui
658 2126 684 2161 et
698 2119 777 2161 electi

40 2202 76 2240 sui
90 2199 177 2239 fidelis
192 2198 217 2237 in
232 2197 303 2237 domo
317 2206 365 2234 sua.
389 2191 542 2234 Benediciie
555 2191 692 2236 Dominum,
706 2189 777 2228 herre-

40 2266 130 2308 dictum
153 2268 186 2312 sit
210 2276 297 2305 nomeu
321 2267 344 2301 et
360 2260 441 2312 gioria
463 2258 534 2309 regni
553 2256 609 2305 ejus
627 2257 651 2295 iu
670 2255 775 2300 saecula,

40 2315 188 2376 Benedictus
203 2332 322 2372 Dominus
337 2329 402 2369 Deus
416 2326 495 2367 lsraii
513 2326 538 2364 in
557 2322 695 2368 saeculum,
714 2321 777 2361 dixit

40 2403 129 2450 lsrael,
152 2403 231 2442 Amen
265 2395 531 2448 Lau'dateADomiuum
553 2389 702 2432 Benedicite
725 2401 777 2437 eum

41 2471 129 2524 Angeli
147 2468 199 2520 ejus
218 2467 311 2510 fortes,
326 2463 451 2503 iacientes
466 2461 564 2500 verbum
580 2458 643 2507 ejus.
675 2457 777 2510 Benedi-

42 2540 91 2581 cite
104 2552 159 2581 eum
178 2531 409 2577 omneszexereitus
428 2530 602 2570 minisirantes
620 2526 670 2572 1111,
688 2524 778 2583 iacien-

41 2608 193 2656 tesverbum
215 2603 274 2655 ejus
302 2600 449 2643 Benedicite
472 2609 526 2639 eum
548 2609 633 2637 omnes
652 2593 777 2634 exercitus

42 2678 215 2718 ministrantes
229 2671 280 2716 1111,
299 2671 426 2709 facientes
444 2667 597 2716 uoluntatem
614 2663 676 2713 ejus.
704 2662 778 2702 Bene-

43 2739 120 2785 dicito
135 2754 186 2784 eum
201 2738 281 2782 omnia
296 2748 370 2790 opera
386 2735 439 2790 ejus
453 2733 562 2792 inomni
574 2732 639 2771 ioco.
666 2726 775 2770 Benedic

42 2812 121 2853 anima
139 2822 190 2852 mea
203 2805 338 2852 Dominum.
366 2801 493 2853 Haileluja
511 2799 618 2845 benedic
636 2798 713 2840 anima
729 2805 778 2836 mea
